
@book{Roberts:2010zz,
      author         = "Roberts, B. Lee and Marciano, William J.",
      title          = "{Lepton dipole moments}",
      year           = "2009",
      doi            = "10.1142/7273",
      note           = "[Adv. Ser. Direct. High Energy Phys.20,pp.1(2009)]",
      SLACcitation   = "%%CITATION = INSPIRE-913954;%%"
}

@article{Roberts:1900zza,
      author         = "Roberts, B. Lee",
      title          = "{Historical Introduction to Electric and Magnetic
                        Moments}",
      journal        = "Adv. Ser. Direct. High Energy Phys.",
      volume         = "20",
      year           = "2009",
      pages          = "1-9",
      doi            = "10.1142/9789814271844\_0001",
      SLACcitation   = "%%CITATION = 00319,20,1;%%"
}

@article{Prades:2009tw,
      author         = "Prades, Joaquim and de Rafael, Eduardo and Vainshtein,
                        Arkady",
      title          = "{The Hadronic Light-by-Light Scattering Contribution to
                        the Muon and Electron Anomalous Magnetic Moments}",
      journal        = "Adv. Ser. Direct. High Energy Phys.",
      volume         = "20",
      year           = "2009",
      pages          = "303-317",
      doi            = "10.1142/9789814271844\_0009",
      eprint         = "0901.0306",
      archivePrefix  = "arXiv",
      primaryClass   = "hep-ph",
      reportNumber   = "UG-FT-242-08, CAFPE-112-08, CPT-P092-2008,
                        FTPI-MINN-08-41, UMN-TH-2723-08",
      SLACcitation   = "%%CITATION = ARXIV:0901.0306;%%"
}

@book{jackson-classical-1999,
  added-at = {2009-07-03T16:37:22.000+0200},
  title    = "{Classical Electrodynamics}",
  address = {New York, {NY}},
  year = "1999",
  author = {Jackson, John David},
  publisher = {Wiley},
  edition = {3rd ed.},
}

@book{Wiedemann:1993jy,
      author         = "Wiedemann, Helmut",
      title          = "{Particle accelerator physics I}",
      publisher      = "Springer",
      address        = "Berlin, Germany",
      year           = "1999",
      url            = "http://www.springer.com/us/book/9783662038277",
      journal        = "Berlin, Germany: Springer (1993) 445 p",
      doi            = "10.1007/978-3-662-03827-7",
      ISBN           = "9783540490432, 9783662038277",
      SLACcitation   = "%%CITATION = INSPIRE-366349;%%"
}

@article{Bargmann:1959gz,
      author         = "Bargmann, V. and Michel, Louis and Telegdi, V. L.",
      title          = "{Precession of the polarization of particles moving in a
                        homogeneous electromagnetic field}",
      journal        = "Phys. Rev. Lett.",
      volume         = "2",
      year           = "1959",
      pages          = "435-436",
      doi            = "10.1103/PhysRevLett.2.435",
      note           = "[,92(1959)]",
      SLACcitation   = "%%CITATION = PRLTA,2,435;%%"
}

@article{PhysRev.74.250,
  title = {The Magnetic Moment of the Electron},
  author = {Kusch, P. and Foley, H. M.},
  journal = {Phys. Rev.},
  volume = {74},
  issue = {3},
  pages = {250--263},
  numpages = {0},
  year = {1948},
  month = {Aug},
  publisher = {American Physical Society},
  doi = {10.1103/PhysRev.74.250},
  url = {https://link.aps.org/doi/10.1103/PhysRev.74.250}
}



@article{Miller:1900zz,
      author         = "Miller, James P. and Roberts, B. Lee and Jungmann, Klaus",
      title          = "{Measurement of the Muon (g − 2) Value}",
      journal        = "Adv. Ser. Direct. High Energy Phys.",
      volume         = "20",
      year           = "2009",
      pages          = "333-391",
      doi            = "10.1142/9789814271844\_0011",
      SLACcitation   = "%%CITATION = 00319,20,333;%%"
}

@book{Pais:1998zz,
      author         = "Pais, A.",
      title          = "{Paul Dirac: The Man and His Work}",
      year           = "1998",
      doi            = " ",
      publisher      = "{Cambridge U. Press}",
      SLACcitation   = " "
}


E989 papers

@article{Fienberg:2014kka,
      author         = "Fienberg, A. T. and others",
      title          = "{Studies of an array of PbF$_2$ Cherenkov crystals with
                        large-area SiPM readout}",
      journal        = "Nucl. Instrum. Meth.",
      volume         = "A783",
      year           = "2015",
      pages          = "12-21",
      doi            = "10.1016/j.nima.2015.02.028",
      eprint         = "1412.5525",
      archivePrefix  = "arXiv",
      primaryClass   = "physics.ins-det",
      reportNumber   = "FERMILAB-PUB-14-526-E-PPD",
      SLACcitation   = "%%CITATION = ARXIV:1412.5525;%%"
}



@article{Anastasi:2016luh,
      author         = "Anastasi, A. and others",
      title          = "{Electron beam test of key elements of the laser-based
                        calibration system for the muon $g$ $-$ $2$ experiment}",
      journal        = "Nucl. Instrum. Meth.",
      volume         = "A842",
      year           = "2017",
      pages          = "86-91",
      doi            = "10.1016/j.nima.2016.10.047",
      eprint         = "1610.03210",
      archivePrefix  = "arXiv",
      primaryClass   = "physics.ins-det",
      reportNumber   = "FERMILAB-PUB-16-441-E-PPD",
      SLACcitation   = "%%CITATION = ARXIV:1610.03210;%%"
}

@article{Alonzi:2016vos,
      author         = "Alonzi, L. P. and others",
      title          = "{The calorimeter system of the new muon g -2 experiment
                        at Fermilab}",
      booktitle      = "{Proceedings, 13th Pisa Meeting on Advanced Detectors :
                        Frontier Detectors for Frontier Physics (FDFP 2015): La
                        Biodola, Isola d'Elba, Italy, May 24-30, 2015}",
      journal        = "Nucl. Instrum. Meth.",
      volume         = "A824",
      year           = "2016",
      pages          = "718-720",
      doi            = "10.1016/j.nima.2015.11.041",
      reportNumber   = "FERMILAB-CONF-16-397-E",
      SLACcitation   = "%%CITATION = NUIMA,A824,718;%%"
}

@article{Kaspar:2016ofv,
      author         = "Kaspar, J. and others",
      title          = "{Design and performance of SiPM-based readout of PbF$_2$
                        crystals for high-rate, precision timing applications}",
      journal        = "JINST",
      volume         = "12",
      year           = "2017",
      number         = "01",
      pages          = "P01009",
      doi            = "10.1088/1748-0221/12/01/P01009",
      eprint         = "1611.03180",
      archivePrefix  = "arXiv",
      primaryClass   = "physics.ins-det",
      reportNumber   = "FERMILAB-PUB-16-516-E-PPD",
      SLACcitation   = "%%CITATION = ARXIV:1611.03180;%%"
}

@article{Anastasi:2016efl,
      author         = "Anastasi, A. and others",
      title          = "{The calibration system of the new g −2 experiment at
                        Fermilab}",
      booktitle      = "{Proceedings, 13th Pisa Meeting on Advanced Detectors :
                        Frontier Detectors for Frontier Physics (FDFP 2015): La
                        Biodola, Isola d'Elba, Italy, May 24-30, 2015}",
      journal        = "Nucl. Instrum. Meth.",
      volume         = "A824",
      year           = "2016",
      pages          = "716-717",
      doi            = "10.1016/j.nima.2015.11.059",
      SLACcitation   = "%%CITATION = NUIMA,A824,716;%%"
}
%CODATA

@article{Mohr:2015ccw,
      author         = "Mohr, Peter J. and Newell, David B. and Taylor, Barry N.",
      title          = "{CODATA Recommended Values of the Fundamental Physical
                        Constants: 2014}",
      journal        = "Rev. Mod. Phys.",
      volume         = "88",
      year           = "2016",
      number         = "3",
      pages          = "035009",
      doi            = "10.1103/RevModPhys.88.035009",
      eprint         = "1507.07956",
      archivePrefix  = "arXiv",
      primaryClass   = "physics.atom-ph",
      SLACcitation   = "%%CITATION = ARXIV:1507.07956;%%"
}



% PDG

@article{Tanabashi:2018oca,
      author         = "Tanabashi, M. and others",
      title          = "{Review of Particle Physics}",
      collaboration  = "Particle Data Group",
      journal        = "Phys. Rev.",
      volume         = "D98",
      year           = "2018",
      number         = "3",
      pages          = "030001",
      doi            = "10.1103/PhysRevD.98.030001",
      SLACcitation   = "%%CITATION = PHRVA,D98,030001;%%"
}


@Article{Nakamura:2010zzi,
     author    = "Nakamura, K and others",
 collaboration = "Particle Data Group",
     title     = "{Review of particle physics}",
     journal   = "J. Phys.",
     volume    = "G37",
     year      = "2010",
     pages     = "075021",
     doi       = "10.1088/0954-3899/37/7A/075021",
     SLACcitation  = "%%CITATION = JPHGB,G37,075021;%%"
}


%Mu2e/CLFV Refs

@article{Hisano:1995cp,
      author         = "Hisano, J. and Moroi, T. and Tobe, K. and Yamaguchi,
                        Masahiro",
      title          = "{Lepton flavor violation via right-handed neutrino Yukawa
                        couplings in supersymmetric standard model}",
      journal        = "Phys. Rev.",
      volume         = "D53",
      year           = "1996",
      pages          = "2442-2459",
      doi            = "10.1103/PhysRevD.53.2442",
      eprint         = "hep-ph/9510309",
      archivePrefix  = "arXiv",
      primaryClass   = "hep-ph",
      reportNumber   = "TIT-HEP-304, NSF-ITP-95-127, KEK-TH-450, LBL-37816,
                        UT-727, TU-491",
      SLACcitation   = "%%CITATION = HEP-PH/9510309;%%"
}

@article{Cirigliano:2009bz,
      author         = "Cirigliano, Vincenzo and Kitano, Ryuichiro and Okada,
                        Yasuhiro and Tuzon, Paula",
      title          = "{On the model discriminating power of mu ---> e
                        conversion in nuclei}",
      journal        = "Phys. Rev.",
      volume         = "D80",
      year           = "2009",
      pages          = "013002",
      doi            = "10.1103/PhysRevD.80.013002",
      eprint         = "0904.0957",
      archivePrefix  = "arXiv",
      primaryClass   = "hep-ph",
      reportNumber   = "IFIC-09-14, FTUV-09-0402, KEK-TH-1308, LA-UR-09-01473,
                        TU-845",
      SLACcitation   = "%%CITATION = ARXIV:0904.0957;%%"
}

@article{TheMEG:2016wtm,
      author         = "Baldini, A. M. and others",
      title          = "{Search for the lepton flavour violating decay $\mu ^+
                        \rightarrow \mathrm {e}^+ \gamma $ with the full dataset
                        of the MEG experiment}",
      collaboration  = "MEG",
      journal        = "Eur. Phys. J.",
      volume         = "C76",
      year           = "2016",
      number         = "8",
      pages          = "434",
      doi            = "10.1140/epjc/s10052-016-4271-x",
      eprint         = "1605.05081",
      archivePrefix  = "arXiv",
      primaryClass   = "hep-ex",
      SLACcitation   = "%%CITATION = ARXIV:1605.05081;%%"
}

@article{Brooks:1999pu,
      author         = "Brooks, M. L. and others",
      title          = "{New limit for the family number nonconserving decay mu+
                        ---> e+ gamma}",
      collaboration  = "MEGA",
      journal        = "Phys. Rev. Lett.",
      volume         = "83",
      year           = "1999",
      pages          = "1521-1524",
      doi            = "10.1103/PhysRevLett.83.1521",
      eprint         = "hep-ex/9905013",
      archivePrefix  = "arXiv",
      primaryClass   = "hep-ex",
      reportNumber   = "LA-UR-99-2268",
      SLACcitation   = "%%CITATION = HEP-EX/9905013;%%"
}


@article{Bertl:2006up,
      author         = "Bertl, Wilhelm H. and others",
      title          = "{A Search for muon to electron conversion in muonic
                        gold}",
      collaboration  = "SINDRUM II",
      journal        = "Eur. Phys. J.",
      volume         = "C47",
      year           = "2006",
      pages          = "337-346",
      doi            = "10.1140/epjc/s2006-02582-x",
      SLACcitation   = "%%CITATION = EPHJA,C47,337;%%"
}

@article{Calibbi:2017uvl,
      author         = "Calibbi, Lorenzo and Signorelli, Giovanni",
      title          = "{Charged Lepton Flavour Violation: An Experimental and
                        Theoretical Introduction}",
      journal        = "Riv. Nuovo Cim.",
      volume         = "41",
      year           = "2018",
      number         = "2",
      pages          = "1",
      doi            = "10.1393/ncr/i2018-10144-0",
      eprint         = "1709.00294",
      archivePrefix  = "arXiv",
      primaryClass   = "hep-ph",
      SLACcitation   = "%%CITATION = ARXIV:1709.00294;%%"
}

@article{deGouvea:2013zba,
      author         = "de Gouvea, Andre and Vogel, Petr",
      title          = "{Lepton Flavor and Number Conservation, and Physics
                        Beyond the Standard Model}",
      journal        = "Prog. Part. Nucl. Phys.",
      volume         = "71",
      year           = "2013",
      pages          = "75-92",
      doi            = "10.1016/j.ppnp.2013.03.006",
      eprint         = "1303.4097",
      archivePrefix  = "arXiv",
      primaryClass   = "hep-ph",
      SLACcitation   = "%%CITATION = ARXIV:1303.4097;%%"
}

@article{Mihara:2013zna,
      author         = "Mihara, S. and Miller, J. P. and Paradisi, P. and
                        Piredda, G.",
      title          = "{Charged Lepton Flavor-Violation Experiments}",
      journal        = "Ann. Rev. Nucl. Part. Sci.",
      volume         = "63",
      year           = "2013",
      pages          = "531-552",
      doi            = "10.1146/annurev-nucl-102912-144530",
      SLACcitation   = "%%CITATION = ARNUA,63,531;%%"
}

@article{Marciano:2008zz,
      author         = "Marciano, William J. and Mori, Toshinori and Roney, J.
                        Michael",
      title          = "{Charged Lepton Flavor Violation Experiments}",
      journal        = "Ann. Rev. Nucl. Part. Sci.",
      volume         = "58",
      year           = "2008",
      pages          = "315-341",
      doi            = "10.1146/annurev.nucl.58.110707.171126",
      SLACcitation   = "%%CITATION = ARNUA,58,315;%%"
}


@article{Kuno:1999jp,
      author         = "Kuno, Yoshitaka and Okada, Yasuhiro",
      title          = "{Muon decay and physics beyond the standard model}",
      journal        = "Rev. Mod. Phys.",
      volume         = "73",
      year           = "2001",
      pages          = "151-202",
      doi            = "10.1103/RevModPhys.73.151",
      eprint         = "hep-ph/9909265",
      archivePrefix  = "arXiv",
      primaryClass   = "hep-ph",
      reportNumber   = "KEK-PREPRINT-99-69, KEK-TH-639",
      SLACcitation   = "%%CITATION = HEP-PH/9909265;%%"
}

%Historical mu LFV





@Article{Dzhilkibaev:1989a, 
     author    = "Dzhilkibaev, R.M. and Lobashev, V.M.",
     title     = "{On the search for the muon to electron conversion process in                    a nucleus }",
     journal   = "Sov. J. Nucl. Phys.",
     volume    = "49",
     year      = "1989",
     pages     = "384",
}



@Article{Lokanathan:1955,
     author    = "Lokanathan, S and Steinberger, J",
     title     = "{Search for Improbable Meson Decays}",
     journal   = "Phys Rev.",
     volume    = "98",
     year      = "1955",
     pages     = "240A Minutes of the 1954 Thanksgiving Meeting",
}

@Article{Steinberger:1955,
     author    = "Steinberger, J and Wolfe, H.B.",
     title     = "uk",
     journal   = "Phys Rev.",
     volume    = "100",
     year      = "1955",
     pages     = "1490",
}


% electron g-2


%%% contains utf-8, see: https://inspirehep.net/info/faq/general#utf8
%%% add \usepackage[utf8]{inputenc} to your latex preamble

@article{Parker:2018vye,
      author         = "Parker, Richard H. and Yu, Chenghui and Zhong, Weicheng
                        and Estey, Brian and Müller, Holger",
      title          = "{Measurement of the fine-structure constant as a test of
                        the Standard Model}",
      journal        = "Science",
      volume         = "360",
      year           = "2018",
      pages          = "191",
      doi            = "10.1126/science.aap7706",
      eprint         = "1812.04130",
      archivePrefix  = "arXiv",
      primaryClass   = "physics.atom-ph",
      SLACcitation   = "%%CITATION = ARXIV:1812.04130;%%"
}

@article{Hanneke:2008tm,
      author         = "Hanneke, D. and Fogwell, S. and Gabrielse, G.",
      title          = "{New Measurement of the Electron Magnetic Moment and the
                        Fine Structure Constant}",
      journal        = "Phys. Rev. Lett.",
      volume         = "100",
      year           = "2008",
      pages          = "120801",
      doi            = "10.1103/PhysRevLett.100.120801",
      eprint         = "0801.1134",
      archivePrefix  = "arXiv",
      primaryClass   = "physics.atom-ph",
      SLACcitation   = "%%CITATION = ARXIV:0801.1134;%%"
}

% g-2 refs Theory

@article{Aoyama:2017uqe,
      author         = "Aoyama, Tatsumi and Kinoshita, Toichiro and Nio, Makiko",
      title          = "{Revised and Improved Value of the QED Tenth-Order
                        Electron Anomalous Magnetic Moment}",
      journal        = "Phys. Rev.",
      volume         = "D97",
      year           = "2018",
      number         = "3",
      pages          = "036001",
      doi            = "10.1103/PhysRevD.97.036001",
      eprint         = "1712.06060",
      archivePrefix  = "arXiv",
      primaryClass   = "hep-ph",
      reportNumber   = "RIKEN-QHP-345",
      SLACcitation   = "%%CITATION = ARXIV:1712.06060;%%"
}

@article{Aoyama:2012wk,
      author         = "Aoyama, Tatsumi and Hayakawa, Masashi and Kinoshita,
                        Toichiro and Nio, Makiko",
      title          = "{Complete Tenth-Order QED Contribution to the Muon g-2}",
      journal        = "Phys. Rev. Lett.",
      volume         = "109",
      year           = "2012",
      pages          = "111808",
      doi            = "10.1103/PhysRevLett.109.111808",
      eprint         = "1205.5370",
      archivePrefix  = "arXiv",
      primaryClass   = "hep-ph",
      reportNumber   = "RIKEN-QHP-26",
      SLACcitation   = "%%CITATION = ARXIV:1205.5370;%%"
}

@article{Gnendiger:2013pva,
      author         = "Gnendiger, C. and Stoeckinger, D. and Stoeckinger-Kim,
                        H.",
      title          = "{The electroweak contributions to $(g-2)_\mu$ after the
                        Higgs boson mass measurement}",
      journal        = "Phys. Rev.",
      volume         = "D88",
      year           = "2013",
      pages          = "053005",
      doi            = "10.1103/PhysRevD.88.053005",
      eprint         = "1306.5546",
      archivePrefix  = "arXiv",
      primaryClass   = "hep-ph",
      SLACcitation   = "%%CITATION = ARXIV:1306.5546;%%"
}

@article{Bijnens:1995xf,
      author         = "Bijnens, Johan and Pallante, Elisabetta and Prades,
                        Joaquim",
      title          = "{Analysis of the hadronic light by light contributions to
                        the muon g-2}",
      journal        = "Nucl. Phys.",
      volume         = "B474",
      year           = "1996",
      pages          = "379-420",
      doi            = "10.1016/0550-3213(96)00288-X",
      eprint         = "hep-ph/9511388",
      archivePrefix  = "arXiv",
      primaryClass   = "hep-ph",
      reportNumber   = "NORDITA-95-75-N-P",
      SLACcitation   = "%%CITATION = HEP-PH/9511388;%%"
}

@article{Hayakawa:1995ps,
      author         = "Hayakawa, M. and Kinoshita, T. and Sanda, A. I.",
      title          = "{Hadronic light by light scattering effect on muon g-2}",
      journal        = "Phys. Rev. Lett.",
      volume         = "75",
      year           = "1995",
      pages          = "790-793",
      doi            = "10.1103/PhysRevLett.75.790",
      eprint         = "hep-ph/9503463",
      archivePrefix  = "arXiv",
      primaryClass   = "hep-ph",
      reportNumber   = "DPNU-94-21",
      SLACcitation   = "%%CITATION = HEP-PH/9503463;%%"
}

@article{Melnikov:2003xd,
      author         = "Melnikov, Kirill and Vainshtein, Arkady",
      title          = "{Hadronic light-by-light scattering contribution to the
                        muon anomalous magnetic moment revisited}",
      journal        = "Phys. Rev.",
      volume         = "D70",
      year           = "2004",
      pages          = "113006",
      doi            = "10.1103/PhysRevD.70.113006",
      eprint         = "hep-ph/0312226",
      archivePrefix  = "arXiv",
      primaryClass   = "hep-ph",
      reportNumber   = "UH-511-1041-03, FTPI-MINN-03-36, UMN-TH-2224-03",
      SLACcitation   = "%%CITATION = HEP-PH/0312226;%%"
}



@article{Blum:2013xva,
      author         = "Blum, Thomas and Denig, Achim and Logashenko, Ivan and de
                        Rafael, Eduardo and Lee Roberts, B. and Teubner, Thomas
                        and Venanzoni, Graziano",
      title          = "{The Muon (g-2) Theory Value: Present and Future}",
      year           = "2013",
      eprint         = "1311.2198",
      archivePrefix  = "arXiv",
      primaryClass   = "hep-ph",
      SLACcitation   = "%%CITATION = ARXIV:1311.2198;%%"
}



@article{Keshavarzi:2018mgv,
      author         = "Keshavarzi, Alexander and Nomura, Daisuke and Teubner,
                        Thomas",
      title          = "{Muon $g-2$ and $\alpha(M_Z^2)$: a new data-based
                        analysis}",
      journal        = "Phys. Rev.",
      volume         = "D97",
      year           = "2018",
      number         = "11",
      pages          = "114025",
      doi            = "10.1103/PhysRevD.97.114025",
      eprint         = "1802.02995",
      archivePrefix  = "arXiv",
      primaryClass   = "hep-ph",
      reportNumber   = "LTH 1153, KEK-TH-2035, LTH-1153, YITP-18-09, LTH 1153;
                        KEK-TH-2035; YITP-18-09",
      SLACcitation   = "%%CITATION = ARXIV:1802.02995;%%"
}

@article{Roberts:2018art,
author = {Roberts, B. Lee},
year = {2018},
month = {06},
pages = {},
title = {Zeroing in on the Muon’s Magnetism},
volume = {11},
journal = {Physics},
doi = {10.1103/Physics.11.65}
}

@article{Davier:2017zfy,
      author         = "Davier, Michel and Hoecker, Andreas and Malaescu, Bogdan
                        and Zhang, Zhiqing",
      title          = "{Reevaluation of the hadronic vacuum polarisation
                        contributions to the Standard Model predictions of the
                        muon $g-2$ and ${\alpha (m_Z^2)}$ using newest hadronic
                        cross-section data}",
      journal        = "Eur. Phys. J.",
      volume         = "C77",
      year           = "2017",
      number         = "12",
      pages          = "827",
      doi            = "10.1140/epjc/s10052-017-5161-6",
      eprint         = "1706.09436",
      archivePrefix  = "arXiv",
      primaryClass   = "hep-ph",
      SLACcitation   = "%%CITATION = ARXIV:1706.09436;%%"
}

@article{Hagiwara:2011af,
      author         = "Hagiwara, Kaoru and Liao, Ruofan and Martin, Alan D. and
                        Nomura, Daisuke and Teubner, Thomas",
      title          = "{(g-2)_mu and alpha(M_Z^2) re-evaluated using new precise
                        data}",
      journal        = "J. Phys.",
      volume         = "G38",
      year           = "2011",
      pages          = "085003",
      doi            = "10.1088/0954-3899/38/8/085003",
      eprint         = "1105.3149",
      archivePrefix  = "arXiv",
      primaryClass   = "hep-ph",
      reportNumber   = "KEK-TH-1458, LTH-913, IPPP-11-18, DCPT-11-36, TU-883",
      SLACcitation   = "%%CITATION = ARXIV:1105.3149;%%"
}

@article{Davier:2010nc,
      author         = "Davier, Michel and Hoecker, Andreas and Malaescu, Bogdan
                        and Zhang, Zhiqing",
      title          = "{Reevaluation of the Hadronic Contributions to the Muon
                        g-2 and to alpha(MZ)}",
      journal        = "Eur. Phys. J.",
      volume         = "C71",
      year           = "2011",
      pages          = "1515",
      doi            = "10.1140/epjc/s10052-012-1874-8,
                        10.1140/epjc/s10052-010-1515-z",
      note           = "[Erratum: Eur. Phys. J.C72,1874(2012)]",
      eprint         = "1010.4180",
      archivePrefix  = "arXiv",
      primaryClass   = "hep-ph",
      reportNumber   = "CERN-OPEN-2010-021, LAL-10-155",
      SLACcitation   = "%%CITATION = ARXIV:1010.4180;%%"
}

@article{Jegerlehner:2017lbd,
      author         = "Jegerlehner, Fred",
      title          = "{Muon g – 2 theory: The hadronic part}",
      booktitle      = "{Proceedings, KLOE-2 Workshop on \$e^+ e^-\$ Collision
                        Physics at 1 GeV: Frascati, Italy, October 26-28, 2016}",
      journal        = "EPJ Web Conf.",
      volume         = "166",
      year           = "2018",
      pages          = "00022",
      doi            = "10.1051/epjconf/201816600022",
      eprint         = "1705.00263",
      archivePrefix  = "arXiv",
      primaryClass   = "hep-ph",
      reportNumber   = "DESY-17-058, HU-EP-17-12",
      SLACcitation   = "%%CITATION = ARXIV:1705.00263;%%"
}

% Lattice

@article{Chakraborty:2016mwy,
      author         = "Chakraborty, Bipasha and Davies, C. T. H. and de
                        Oliviera, P. G. and Koponen, J. and Lepage, G. P. and Van
                        de Water, R. S.",
      title          = "{The hadronic vacuum polarization contribution to
                        $a_{\mu}$ from full lattice QCD}",
      journal        = "Phys. Rev.",
      volume         = "D96",
      year           = "2017",
      number         = "3",
      pages          = "034516",
      doi            = "10.1103/PhysRevD.96.034516",
      eprint         = "1601.03071",
      archivePrefix  = "arXiv",
      primaryClass   = "hep-lat",
      reportNumber   = "FERMILAB-PUB-17-296-T",
      SLACcitation   = "%%CITATION = ARXIV:1601.03071;%%"
}

@article{Blum:2018mom,
      author         = "Blum, T. and Boyle, P. A. and Gülpers, V. and Izubuchi,
                        T. and Jin, L. and Jung, C. and Jüttner, A. and Lehner,
                        C. and Portelli, A. and Tsang, J. T.",
      title          = "{Calculation of the hadronic vacuum polarization
                        contribution to the muon anomalous magnetic moment}",
      collaboration  = "RBC, UKQCD",
      journal        = "Phys. Rev. Lett.",
      volume         = "121",
      year           = "2018",
      number         = "2",
      pages          = "022003",
      doi            = "10.1103/PhysRevLett.121.022003",
      eprint         = "1801.07224",
      archivePrefix  = "arXiv",
      primaryClass   = "hep-lat",
      SLACcitation   = "%%CITATION = ARXIV:1801.07224;%%"
}

@article{Blum:2016lnc,
      author         = "Blum, Thomas and Christ, Norman and Hayakawa, Masashi and
                        Izubuchi, Taku and Jin, Luchang and Jung, Chulwoo and
                        Lehner, Christoph",
      title          = "{Connected and Leading Disconnected Hadronic
                        Light-by-Light Contribution to the Muon Anomalous Magnetic
                        Moment with a Physical Pion Mass}",
      journal        = "Phys. Rev. Lett.",
      volume         = "118",
      year           = "2017",
      number         = "2",
      pages          = "022005",
      doi            = "10.1103/PhysRevLett.118.022005",
      eprint         = "1610.04603",
      archivePrefix  = "arXiv",
      primaryClass   = "hep-lat",
      SLACcitation   = "%%CITATION = ARXIV:1610.04603;%%"
}


@article{Blum:2015gfa,
      author         = "Blum, Thomas and Christ, Norman and Hayakawa, Masashi and
                        Izubuchi, Taku and Jin, Luchang and Lehner, Christoph",
      title          = "{Lattice Calculation of Hadronic Light-by-Light
                        Contribution to the Muon Anomalous Magnetic Moment}",
      journal        = "Phys. Rev.",
      volume         = "D93",
      year           = "2016",
      number         = "1",
      pages          = "014503",
      doi            = "10.1103/PhysRevD.93.014503",
      eprint         = "1510.07100",
      archivePrefix  = "arXiv",
      primaryClass   = "hep-lat",
      SLACcitation   = "%%CITATION = ARXIV:1510.07100;%%"
}

@article{Blum:2014oka,
      author         = "Blum, Thomas and Chowdhury, Saumitra and Hayakawa,
                        Masashi and Izubuchi, Taku",
      title          = "{Hadronic light-by-light scattering contribution to the
                        muon anomalous magnetic moment from lattice QCD}",
      journal        = "Phys. Rev. Lett.",
      volume         = "114",
      year           = "2015",
      number         = "1",
      pages          = "012001",
      doi            = "10.1103/PhysRevLett.114.012001",
      eprint         = "1407.2923",
      archivePrefix  = "arXiv",
      primaryClass   = "hep-lat",
      SLACcitation   = "%%CITATION = ARXIV:1407.2923;%%"
}

@article{Borsanyi:2017zdw,
      author         = "Borsanyi, Sz. and others",
      title          = "{Hadronic vacuum polarization contribution to the
                        anomalous magnetic moments of leptons from first
                        principles}",
      collaboration  = "Budapest-Marseille-Wuppertal",
      journal        = "Phys. Rev. Lett.",
      volume         = "121",
      year           = "2018",
      number         = "2",
      pages          = "022002",
      doi            = "10.1103/PhysRevLett.121.022002",
      eprint         = "1711.04980",
      archivePrefix  = "arXiv",
      primaryClass   = "hep-lat",
      SLACcitation   = "%%CITATION = ARXIV:1711.04980;%%"
}



%  Dispersive

@article{Hoferichter:2018kwz,
      author         = "Hoferichter, Martin and Hoid, Bai-Long and Kubis, Bastian
                        and Leupold, Stefan and Schneider, Sebastian P.",
      title          = "{Dispersion relation for hadronic light-by-light
                        scattering: pion pole}",
      journal        = "JHEP",
      volume         = "10",
      year           = "2018",
      pages          = "141",
      doi            = "10.1007/JHEP10(2018)141",
      eprint         = "1808.04823",
      archivePrefix  = "arXiv",
      primaryClass   = "hep-ph",
      reportNumber   = "INT-PUB-18-042",
      SLACcitation   = "%%CITATION = ARXIV:1808.04823;%%"
}


@article{Hoferichter:2018dmo,
      author         = "Hoferichter, Martin and Hoid, Bai-Long and Kubis, Bastian
                        and Leupold, Stefan and Schneider, Sebastian P.",
      title          = "{Pion-pole contribution to hadronic light-by-light
                        scattering in the anomalous magnetic moment of the muon}",
      journal        = "Phys. Rev. Lett.",
      volume         = "121",
      year           = "2018",
      number         = "11",
      pages          = "112002",
      doi            = "10.1103/PhysRevLett.121.112002",
      eprint         = "1805.01471",
      archivePrefix  = "arXiv",
      primaryClass   = "hep-ph",
      reportNumber   = "INT-PUB-18-016",
      SLACcitation   = "%%CITATION = ARXIV:1805.01471;%%"
}

@article{Colangelo:2017qdm,
      author         = "Colangelo, Gilberto and Hoferichter, Martin and Procura,
                        Massimiliano and Stoffer, Peter",
      title          = "{Rescattering effects in the hadronic-light-by-light
                        contribution to the anomalous magnetic moment of the
                        muon}",
      journal        = "Phys. Rev. Lett.",
      volume         = "118",
      year           = "2017",
      number         = "23",
      pages          = "232001",
      doi            = "10.1103/PhysRevLett.118.232001",
      eprint         = "1701.06554",
      archivePrefix  = "arXiv",
      primaryClass   = "hep-ph",
      reportNumber   = "INT-PUB-17-005, CERN-TH-2017-014, NSF-KITP-17-012",
      SLACcitation   = "%%CITATION = ARXIV:1701.06554;%%"
}

@article{Colangelo:2015ama,
      author         = "Colangelo, Gilberto and Hoferichter, Martin and Procura,
                        Massimiliano and Stoffer, Peter",
      title          = "{Dispersion relation for hadronic light-by-light
                        scattering: theoretical foundations}",
      journal        = "JHEP",
      volume         = "09",
      year           = "2015",
      pages          = "074",
      doi            = "10.1007/JHEP09(2015)074",
      eprint         = "1506.01386",
      archivePrefix  = "arXiv",
      primaryClass   = "hep-ph",
      reportNumber   = "INT-PUB-15-019, UWTHPH-2015-10",
      SLACcitation   = "%%CITATION = ARXIV:1506.01386;%%"
}

@article{Colangelo:2014qya,
      author         = "Colangelo, Gilberto and Hoferichter, Martin and Nyffeler,
                        Andreas and Passera, Massimo and Stoffer, Peter",
      title          = "{Remarks on higher-order hadronic corrections to the muon
                        g−2}",
      journal        = "Phys. Lett.",
      volume         = "B735",
      year           = "2014",
      pages          = "90-91",
      doi            = "10.1016/j.physletb.2014.06.012",
      eprint         = "1403.7512",
      archivePrefix  = "arXiv",
      primaryClass   = "hep-ph",
      SLACcitation   = "%%CITATION = ARXIV:1403.7512;%%"
}


@article{Colangelo:2014pva,
      author         = "Colangelo, Gilberto and Hoferichter, Martin and Kubis,
                        Bastian and Procura, Massimiliano and Stoffer, Peter",
      title          = "{Towards a data-driven analysis of hadronic
                        light-by-light scattering}",
      journal        = "Phys. Lett.",
      volume         = "B738",
      year           = "2014",
      pages          = "6-12",
      doi            = "10.1016/j.physletb.2014.09.021",
      eprint         = "1408.2517",
      archivePrefix  = "arXiv",
      primaryClass   = "hep-ph",
      SLACcitation   = "%%CITATION = ARXIV:1408.2517;%%"
}

@article{Danilkin:2017lyn,
      author         = "Danilkin, Igor and Deineka, Oleksandra and Vanderhaeghen,
                        Marc",
      title          = "{Theoretical analysis of the $\gamma\gamma \to \pi^0
                        \eta$ process}",
      journal        = "Phys. Rev.",
      volume         = "D96",
      year           = "2017",
      number         = "11",
      pages          = "114018",
      doi            = "10.1103/PhysRevD.96.114018",
      eprint         = "1709.08595",
      archivePrefix  = "arXiv",
      primaryClass   = "hep-ph",
      SLACcitation   = "%%CITATION = ARXIV:1709.08595;%%"
}

@article{Pauk:2014rfa,
      author         = "Pauk, Vladyslav and Vanderhaeghen, Marc",
      title          = "{Anomalous magnetic moment of the muon in a dispersive
                        approach}",
      journal        = "Phys. Rev.",
      volume         = "D90",
      year           = "2014",
      number         = "11",
      pages          = "113012",
      doi            = "10.1103/PhysRevD.90.113012",
      eprint         = "1409.0819",
      archivePrefix  = "arXiv",
      primaryClass   = "hep-ph",
      SLACcitation   = "%%CITATION = ARXIV:1409.0819;%%"
}

@article{Masjuan:2012qn,
      author         = "Masjuan, Pere and Vanderhaeghen, Marc",
      title          = "{Ballpark prediction for the hadronic light-by-light
                        contribution to the muon $(g-2)_{\mu}$}",
      journal        = "J. Phys.",
      volume         = "G42",
      year           = "2015",
      number         = "12",
      pages          = "125004",
      doi            = "10.1088/0954-3899/42/12/125004",
      eprint         = "1212.0357",
      archivePrefix  = "arXiv",
      primaryClass   = "hep-ph",
      SLACcitation   = "%%CITATION = ARXIV:1212.0357;%%"
}



% g-2 Review articles 


@article{Miller:2018jum,
      author         = "Miller, James P. and Roberts, B. Lee",
      title          = "{The Muon $(g-2)$ Spin Equations, the Magic $\gamma$,
                        What's small and what's not}",
      year           = "2018",
      eprint         = "1805.01944",
      archivePrefix  = "arXiv",
      primaryClass   = "hep-ph",
      SLACcitation   = "%%CITATION = ARXIV:1805.01944;%%"
}



@Article{Combley:1978iy,
     author    = "Combley, F. and Farley, F. J. M. and Field, J. H. and
                  Picasso, E.",
     title     = "{(g-2) EXPERIMENTS AS A TEST OF SPECIAL RELATIVITY}",
     journal   = "Phys. Rev. Lett.",
     volume    = "42",
     year      = "1979",
     pages     = "1383",
     doi       = "10.1103/PhysRevLett.42.1383",
     SLACcitation  = "%%CITATION = PRLTA,42,1383;%%"
}


@Article{Farley:1972zy,
     author    = "Farley, F. J. M.",
     title     = "{Pitch correction in (g-2) experiments}",
     journal   = "Phys. Lett.",
     volume    = "B42",
     year      = "1972",
     pages     = "66",
     doi       = "10.1016/0370-2693(72)90718-6",
     SLACcitation  = "%% %%"
}

@article{Combley:1974tw,
      author         = "Combley, F. and Picasso, E.",
      title          = "{The Muon (G-2) Precession Experiments: Past, Present and
                        Future}",
      journal        = "Phys. Rept.",
      volume         = "14",
      year           = "1974",
      pages          = "1",
      doi            = "10.1016/0370-1573(74)90004-0",
      reportNumber   = "PRINT-74-1138 (CERN)",
      SLACcitation   = "%%CITATION = PRPLC,14,1;%%"
}
@article{Farley:1990gm,
      author         = "Farley, F. J. M. and Picasso, E.",
      title          = "{The Muon g-2 experiments}",
      journal        = "Adv. Ser. Direct. High Energy Phys.",
      volume         = "7",
      year           = "1990",
      pages          = "479-559",
      doi            = "10.1142/9789814503273\_0011",
      note           = "[,479(1990)]",
      SLACcitation   = "%%CITATION = 00319,7,479;%%"
}

@article{Field:1974pe,
      author         = "Field, J. H. and Fiorentini, G.",
      title          = "{Corrections to the g-2 frequency in weak focusing
                        storage devices due to betatron oscillations}",
      journal        = "Nuovo Cim.",
      volume         = "A21",
      year           = "1974",
      pages          = "297-328",
      doi            = "10.1007/BF02724809",
      SLACcitation   = "%%CITATION = NUCIA,A21,297;%%"
}


@article{Mohr:web,
      author         = "Mohr, Peter J. and Newell, David B. and Taylor, Barry N.",
      title          = "{Online CODATA Recommended Values of the Fundamental Physical
                        Constants: 2014}",
      journal        = "Rev. Mod. Phys.",
      volume         = "88",
      year           = "2016",
      number         = "3",
      pages          = "035009",
      doi            = "10.1103/RevModPhys.88.035009",
      eprint         = "1507.07956",
      archivePrefix  = "arXiv",
      primaryClass   = "physics.atom-ph",
      SLACcitation   = "%%CITATION = ARXIV:1507.07956;%%"
}

@misc{CODATA-online,
  title = {{CODATA-online},
  \url{https://physics.nist.gov/cgi-bin/cuu/Value?mumumsmup}
 \url{https://physics.nist.gov/cgi-bin/cuu/Value?mmusme}
 \url{https://physics.nist.gov/cgi-bin/cuu/Value?muemsmup},
 
}}


@Article{Mohr:2008fa,
     author    = "Mohr, Peter J. and Taylor, Barry N. and Newell, David B.",
     title     = "{CODATA Recommended Values of the Fundamental Physical
                  Constants: 2006}",
     journal   = "Rev. Mod. Phys.",
     volume    = "80",
     year      = "2008",
     pages     = "633-730",
     eprint    = "0801.0028",
     archivePrefix = "arXiv",
     primaryClass  =  "physics.atom-ph",
     doi       = "10.1103//RevModPhys.80.633",
     SLACcitation  = "%%CITATION = 0801.0028;%%"
}

% Historical Muon papers

@article{Conversi:1947ig,
      author         = "Conversi, M. and Pancini, E. and Piccioni, O.",
      title          = "{On the Disintegration of Negative Mesons}",
      booktitle      = "{Meeting of the Italian School of Physics and Weak
                        Interactions Bologna, Italy, April 26-28, 1984}",
      journal        = "Phys. Rev.",
      volume         = "71",
      year           = "1947",
      pages          = "209-210",
      doi            = "10.1103/PhysRev.71.209",
      note           = "[,579(1947)]",
      SLACcitation   = "%%CITATION = PHRVA,71,209;%%"
}


@Article{Kunze:1933, 
     author    = "Kunze, Paul",
     title     = "{Untersuchung der Ultrastrahlung in der Wilsonkammer}",
     journal   = "Z. Phys.",
     volume    = "83",
     year      = "1933",
     pages     = "1",
     SLACcitation  = "%%CITATION = PHRVA,D62,066004;%%"
}


@Article{Anderson:1936zz,
     author    = "Anderson, Carl D. and Neddermeyer, Seth H.",
     title     = "{Cloud Chamber Observations of Cosmic Rays at 4300 Meters
                  Elevation and Near Sea-Level}",
     journal   = "Phys. Rev.",
     volume    = "50",
     year      = "1936",
     pages     = "263-271",
     doi       = "10.1103/PhysRev.50.263",
     SLACcitation  = "%%CITATION = PHRVA,50,263;%%"
}

@Article{Neddermeyer:1937md,
     author    = "Neddermeyer, S. H. and Anderson, C. D.",
     title     = "{NOTE ON THE NATURE OF COSMIC RAY PARTICLES}",
     journal   = "Phys. Rev.",
     volume    = "51",
     year      = "1937",
     pages     = "884-886",
     doi       = "10.1103/PhysRev.51.884",
     SLACcitation  = "%%CITATION = PHRVA,51,884;%%"
}


@Article{Street:1937a,
     author    = "Street, J.C and Stevenson, E.C.",
     title     = "{uk}",
     journal   = "Phys Rev.",
     volume    = "51",
     year      = "1937",
     pages     = "1005",
}

@Article{Street:1937me,
     author    = "Street, J. C. and Stevenson, E. C.",
     title     = "{New Evidence for the Existence of a Particle of Mass
                  Intermediate Between the Proton and Electron}",
     journal   = "Phys. Rev.",
     volume    = "52",
     year      = "1937",
     pages     = "1003-1004",
     doi       = "10.1103/PhysRev.52.1003",
     SLACcitation  = "%%CITATION = PHRVA,52,1003;%%"
}

@Article{Nishina:1937zz,
     author    = "Nishina, Y. and Takeuchi, M. and Ichimiya, T.",
     title     = "{On the Nature of Cosmic-Ray Particles}",
     journal   = "Phys. Rev.",
     volume    = "52",
     year      = "1937",
     pages     = "1198-1199",
     doi       = "10.1103/PhysRev.52.1198",
     SLACcitation  = "%%CITATION = PHRVA,52,1198;%%"
}

@Article{Wheeler:1949zz,
     author    = "Wheeler, John A.",
     title     = "{Some Consequences of the Electromagnetic Interaction
                  between mu--Mesons and Nuclei}",
     journal   = "Rev. Mod. Phys.",
     volume    = "21",
     year      = "1949",
     pages     = "133-143",
     doi       = "10.1103/RevModPhys.21.133",
     SLACcitation  = "%%CITATION = RMPHA,21,133;%%"
}

@Article{Tiomno:1949zz,
     author    = "Tiomno, J. and Wheeler, John A.",
     title     = "{Energy spectrum of electrons from meson decay}",
     journal   = "Rev. Mod. Phys.",
     volume    = "21",
     year      = "1949",
     pages     = "144-152",
     doi       = "10.1103/RevModPhys.21.144",
     SLACcitation  = "%%CITATION = RMPHA,21,144;%%"
}


@Article{Tiomono:1949a,
     author    = "Tiomno, J. and Wheeler, John A.",
     title     = "{Charge-Exchange Reaction of the $\mu$-Meson with the 
Nucleus}",
     journal   = "Rev. Mod. Phys.",
     volume    = "21",
     year      = "1949",
     pages      = "153",
}
@Article{Crussard:1937,
     author   = "M.M. Jean Crussard, M.M. and Leprince-Ringuet, L",
     title    = "{uk}",
     journal  = "C. R. Acad. Sci.",
     volume   = "204",
     year     = "1937",
     pages    = "240",
}


@Article{Danby:1962nd,
     author    = "Danby, G. and others",
     title     = "{Observation of High-Energy Neutrino Reactions and the
                  Existence of Two Kinds of Neutrinos}",
     journal   = "Phys. Rev. Lett.",
     volume    = "9",
     year      = "1962",
     pages     = "36-44",
     doi       = "10.1103/PhysRevLett.9.36",
     SLACcitation  = "%%CITATION = PRLTA,9,36;%%"
}
@Article{PhysRev.113.273,
  title = {Free Antineutrino Absorption Cross Section. I. Measurement of the Free Antineutrino Absorption Cross Section by Protons},
  author = {Reines, Frederick  and Cowan, Clyde L.},
  journal = {Phys. Rev.},
  volume = {113},
  number = {1},
  pages = {273--279},
  numpages = {6},
  year = {1959},
  month = {Jan},
  doi = {10.1103/PhysRev.113.273},
  publisher = {American Physical Society}
}
@Article{PhysRev.90.492.2,
  title = {A Proposed Experiment to Detect the Free Neutrino},
  author = {Reines, F.  and Cowan, C. L.},
  journal = {Phys. Rev.},
  volume = {90},
  number = {3},
  pages = {492--493},
  numpages = {1},
  year = {1953},
  month = {May},
  doi = {10.1103/PhysRev.90.492.2},
  publisher = {American Physical Society}
}


@Article{Cowan:1956nc,
  title    = {Detection of the free neutrino: A Confirmation},
  author   = "Cowan, C. L. and others",
  journal  = "Science",
  volume   = "124",
  pages    = "103",
  year     = "1956"
}

@Article{Michel:1950,
     author    = "Michel, L.",
     title     = "{uk}",
     journal   = "Proc. R. Soc. London, Sec. A",
     volume    = "63",
     year      = "1950",
     pages     = "514",
}


@Article{Bouchiat:1957zz,
     author    = "Bouchiat, Claude and Michel, Louis",
     title     = "{Theory of mu-Meson Decay with the Hypothesis of
                  Nonconservation of Parity}",
     journal   = "Phys. Rev.",
     volume    = "106",
     year      = "1957",
     pages     = "170-172",
     doi       = "10.1103/PhysRev.106.170",
     SLACcitation  = "%%CITATION = PHRVA,106,170;%%"
}

@Article{Bayes:2010fg,
     author    = "Bayes, R. and others",
     title     = "{New Experimental Constraints for the Standard Model from
                  Muon Decay}",
     year      = "2010",
     eprint    = "1010.4998",
     archivePrefix = "arXiv",
     primaryClass  =  "hep-ex",
     SLACcitation  = "%%CITATION = 1010.4998;%%"
}



@Article{MacDonald:2008xf,
     author    = "MacDonald, R. P. and others",
 collaboration = "TWIST",
     title     = "{A Precision Measurement of the Muon Decay Parameters
                  $\rho$ and $\delta$}",
     journal   = "Phys. Rev.",
     volume    = "D78",
     year      = "2008",
     pages     = "032010",
     eprint    = "0807.1125",
     archivePrefix = "arXiv",
     primaryClass  =  "hep-ex",
     doi       = "10.1103/PhysRevD.78.032010",
     SLACcitation  = "%%CITATION = 0807.1125;%%"
}

@Article{Musser:2004zw,
     author    = "Musser, J. R. and others",
 collaboration = "TWIST",
     title     = "{Measurement of the Michel Parameter $\rho$ in Muon
                  Decay}",
     journal   = "Phys. Rev. Lett.",
     volume    = "94",
     year      = "2005",
     pages     = "101805",
     eprint    = "hep-ex/0409063",
     archivePrefix = "arXiv",
     doi       = "10.1103/PhysRevLett.94.101805",
     SLACcitation  = "%%CITATION = HEP-EX/0409063;%%"
}

@Article{Gaponenko:2004mi,
     author    = "Gaponenko, A. and others",
 collaboration = "TWIST",
     title     = "{Measurement of the Muon Decay Parameter delta}",
     journal   = "Phys. Rev.",
     volume    = "D71",
     year      = "2005",
     pages     = "071101",
     eprint    = "hep-ex/0410045",
     archivePrefix = "arXiv",
     doi       = "10.1103/PhysRevD.71.071101",
     SLACcitation  = "%%CITATION = HEP-EX/0410045;%%"
}
@Article{Jamieson:2006cf,
     author    = "Jamieson, B. and others",
     title     = "{Measurement of $P_\mu^\pi \xi$ in polarized muon decay}",
     journal   = "Phys. Rev.",
     volume    = "D74",
     year      = "2006",
     pages     = "072007",
     eprint    = "hep-ex/0605100",
     archivePrefix = "arXiv",
     doi       = "10.1103/PhysRevD.74.072007",
     SLACcitation  = "%%CITATION = HEP-EX/0605100;%%"
}

@Article{Yukawa:1938,
    author     = "Yukawa, H",
    title      = "{uk}",
    journal    = "Proc. Phys. Math. Soc. Japan",
    volume     = "20",
    year       = "1938",
    pages      = "319",
}

@Article{Rasetti:1941ie,
     author    = "Rasetti, F.",
     title     = "{Disintegration of Slow Mesotrons}",
     journal   = "Phys. Rev.",
     volume    = "60",
     year      = "1941",
     pages     = "198-204",
     doi       = "10.1103/PhysRev.60.198",
     SLACcitation  = "%%CITATION = PHRVA,60,198;%%"
}



@Article{Jones:1939,
    author     = "Jones, H",
    title      = "{uk}",
    journal    = "Rev. Mod. Phys.",
    volume     = "11",
    year       = "1939",
    pages      = "235",
}

@Article{Tomonaga:1940a,
    author     = "Tomonaga, S. and Araki, G.",
    title      = "{uk}",
    journal    = "Phys. Rev.",
    volume     = "58",
    year       = "1940",
    pages      = "90",
}

@article{Chitwood:2007pa,
      author         = "Chitwood, D. B. and others",
      title          = "{Improved measurement of the positive muon lifetime and
                        determination of the Fermi constant}",
      collaboration  = "MuLan",
      journal        = "Phys. Rev. Lett.",
      volume         = "99",
      year           = "2007",
      pages          = "032001",
      doi            = "10.1103/PhysRevLett.99.032001",
      eprint         = "0704.1981",
      archivePrefix  = "arXiv",
      primaryClass   = "hep-ex",
      reportNumber   = "0704-1981",
      SLACcitation   = "%%CITATION = ARXIV:0704.1981;%%"
}

@Article{Webber:2010zf,
     author    = "Webber, D. M. and others",
     title     = "{Measurement of the Positive Muon Lifetime and
                  Determination of the Fermi Constant to Part-per-Million
                  Precision}",
     year      = "2010",
     eprint    = "1010.0991",
     archivePrefix = "arXiv",
     primaryClass  =  "hep-ex",
     SLACcitation  = "%%CITATION = 1010.0991;%%"
}

@article{Tishchenko:2012ie,
      author         = "Tishchenko, V. and others",
      title          = "{Detailed Report of the MuLan Measurement of the Positive
                        Muon Lifetime and Determination of the Fermi Constant}",
      collaboration  = "MuLan",
      journal        = "Phys. Rev.",
      volume         = "D87",
      year           = "2013",
      number         = "5",
      pages          = "052003",
      doi            = "10.1103/PhysRevD.87.052003",
      eprint         = "1211.0960",
      archivePrefix  = "arXiv",
      primaryClass   = "hep-ex",
      SLACcitation   = "%%CITATION = ARXIV:1211.0960;%%"
}

@Article{Czarnecki:2001pv,
     author    = "Czarnecki, Andrzej and Marciano, William J.",
     title     = "{The muon anomalous magnetic moment: A harbinger for 'new
                  physics'}",
     journal   = "Phys. Rev.",
     volume    = "D64",
     year      = "2001",
     pages     = "013014",
     eprint    = "hep-ph/0102122",
     archivePrefix = "arXiv",
     doi       = "10.1103/PhysRevD.64.013014",
     SLACcitation  = "%%CITATION = HEP-PH/0102122;%%"
}
%
% E989 papers
%

@article{Grange:2015fou,
      author         = "Grange, J. and others",
      title          = "{Muon (g-2) Technical Designgn Report}",
      collaboration  = "Muon g-2",
      year           = "2015",
      eprint         = "1501.06858",
      archivePrefix  = "arXiv",
      primaryClass   = "physics.ins-det",
      reportNumber   = "FERMILAB-FN-0992-E, FERMILAB-DESIGN-2014-02",
      SLACcitation   = "%%CITATION = ARXIV:1501.06858;%%"
}



%
% E821 Papers
%

@Article{:2007yc,
     author    = "Bennett, G. W. and others",
 collaboration = "Muon (g-2)",
     title     = "{Search for Lorentz and CPT Violation Effects in Muon Spin
                  Precession}",
     journal   = "Phys. Rev. Lett.",
     volume    = "100",
     year      = "2008",
     pages     = "091602",
     eprint    = "0709.4670",
     archivePrefix = "arXiv",
     primaryClass  =  "hep-ex",
     doi       = "10.1103/PhysRevLett.100.091602",
     SLACcitation  = "%%CITATION = 0709.4670;%%"
}
@Article{Bennett:2007zzb,
     author    = "Bennett, G. W. and others",
 collaboration = "Muon G-2",
     title     = "{Statistical equations and methods applied to the precision
                  muon (g-2) experiment at BNL}",
     journal   = "Nucl. Instrum. Meth.",
     volume    = "A579",
     year      = "2007",
     pages     = "1096-1116",
     doi       = "10.1016/j.nima.2007.06.023",
     SLACcitation  = "%%CITATION = NUIMA,A579,1096;%%"
}

@Article{Carey:1999dd,
     author    = "Carey, R. M. and others",
     title     = "{New measurement of the anomalous magnetic moment of the
                  positive muon}",
     journal   = "Phys. Rev. Lett.",
     volume    = "82",
     year      = "1999",
     pages     = "1632-1635",
     doi       = "10.1103/PhysRevLett.82.1632",
     SLACcitation  = "%%CITATION = PRLTA,82,1632;%%"
}

@article{Efstathiadis:2003fs,
      author         = "Efstathiadis, E. and Lee, Y. Y. and Mi, J. L. and Pai, C.
                        and Paley, J. M. and Roberts, B. L. and Sanders, R. T. and
                        Semertzidis, Y. K. and Warburton, D. S.",
      title          = "{A fast non-ferric kicker for the muon (g-2) experiment}",
      journal        = "Nucl. Instrum. Meth.",
      volume         = "A496",
      year           = "2003",
      pages          = "8-25",
      doi            = "10.1016/S0168-9002(02)01627-3",
      SLACcitation   = "%%CITATION = NUIMA,A496,8;%%"
}

@article{Semertzidis:2003zs,
      author         = "Semertzidis, Y. K. and others",
      title          = "{The Brookhaven muon (g-2) storage ring high voltage
                        quadrupoles}",
      journal        = "Nucl. Instrum. Meth.",
      volume         = "A503",
      year           = "2003",
      pages          = "458-484",
      doi            = "10.1016/S0168-9002(03)00999-9",
      SLACcitation   = "%%CITATION = NUIMA,A503,458;%%"
}

@article{Krienen:1989ba,
      author         = "Krienen, F. and Loomba, D. and Meng, W.",
      title          = "{The Truncated double cosine theta superconducting septum
                        magnet}",
      journal        = "Nucl. Instrum. Meth.",
      volume         = "A283",
      year           = "1989",
      pages          = "5-12",
      doi            = "10.1016/0168-9002(89)91249-7",
      SLACcitation   = "%%CITATION = NUIMA,A283,5;%%"
}

@article{Prigl:1996fpk,
      author         = "Prigl, R. and Haeberlen, U. and Jungmann, K. and zu
                        Putlitz, G. and von Walter, P.",
      title          = "{A high precision magnetometer based on pulsed NMR}",
      journal        = "Nucl. Instrum. Meth.",
      volume         = "A374",
      year           = "1996",
      number         = "1",
      pages          = "118-126",
      doi            = "10.1016/0168-9002(96)37493-7",
      SLACcitation   = "%%CITATION = NUIMA,A374,118;%%"
}

@article{Yamamoto:2002bb,
      author         = "Yamamoto, A. and others",
      title          = "{The superconducting inflector for the BNL g-2
                        experiment}",
      journal        = "Nucl. Instrum. Meth.",
      volume         = "A491",
      year           = "2002",
      pages          = "23-40",
      doi            = "10.1016/S0168-9002(02)01232-9",
      SLACcitation   = "%%CITATION = NUIMA,A491,23;%%"
}

@article{Sedykh:2000ex,
      author         = "Sedykh, S. A. and others",
      title          = "{Electromagnetic calorimeters for the BNL muon (g-2)
                        experiment}",
      journal        = "Nucl. Instrum. Meth.",
      volume         = "A455",
      year           = "2000",
      pages          = "346-360",
      doi            = "10.1016/S0168-9002(00)00576-3",
      SLACcitation   = "%%CITATION = NUIMA,A455,346;%%"
}

@article{Danby:2001eh,
      author         = "Danby, G. T. and others",
      title          = "{The Brookhaven muon storage ring magnet}",
      journal        = "Nucl. Instrum. Meth.",
      volume         = "A457",
      year           = "2001",
      pages          = "151-174",
      doi            = "10.1016/S0168-9002(00)00704-X",
      SLACcitation   = "%%CITATION = NUIMA,A457,151;%%"
}

@article{Redin:2001cf,
      author         = "Redin, S. I. and others",
      title          = "{Radial magnetic field measurements with a Hall probe
                        device in the muon (g-2) storage ring magnet at BNL}",
      journal        = "Nucl. Instrum. Meth.",
      volume         = "A473",
      year           = "2001",
      pages          = "260-268",
      doi            = "10.1016/S0168-9002(01)00859-2",
      SLACcitation   = "%%CITATION = NUIMA,A473,260;%%"
}

@Article{Bennett:2004pv,
     author    = "Bennett, G. W. and others",
 collaboration = "Muon g-2",
     title     = "{Measurement of the negative muon anomalous magnetic moment
                  to 0.7-ppm}",
     journal   = "Phys. Rev. Lett.",
     volume    = "92",
     year      = "2004",
     pages     = "161802",
     eprint    = "hep-ex/0401008",
     archivePrefix = "arXiv",
     doi       = "10.1103/PhysRevLett.92.161802",
     SLACcitation  = "%%CITATION = HEP-EX/0401008;%%"
}

@Article{Bennett:2006fi,
     author    = "Bennett, G. W. and others",
 collaboration = "Muon G-2",
     title     = "{Final report of the muon E821 anomalous magnetic moment
                  measurement at  BNL}",
     journal   = "Phys. Rev.",
     volume    = "D73",
     year      = "2006", 
     pages     = "072003",
     eprint    = "hep-ex/0602035",
     archivePrefix = "arXiv",
     doi       = "10.1103/PhysRevD.73.072003",
     SLACcitation  = "%%CITATION = HEP-EX/0602035;%%"
}

@Article{Brown:2001mga,
     author    = "Brown, H. N. and others",
 collaboration = "Muon g-2",
     title     = "{Precise measurement of the positive muon anomalous
                  magnetic moment}",
     journal   = "Phys. Rev. Lett.",
     volume    = "86",
     year      = "2001",
     pages     = "2227-2231",
     eprint    = "hep-ex/0102017",
     archivePrefix = "arXiv",
     doi       = "10.1103/PhysRevLett.86.2227",
     SLACcitation  = "%%CITATION = HEP-EX/0102017;%%"
}
@Article{Brown:2000sj,
     author    = "Brown, H. N. and others",
 collaboration = "Muon (g-2)",
     title     = "{Improved measurement of the positive muon anomalous
                  magnetic moment}",
     journal   = "Phys. Rev.",
     volume    = "D62",
     year      = "2000",
     pages     = "091101",
     eprint    = "hep-ex/0009029",
     archivePrefix = "arXiv",
     doi       = "10.1103/PhysRevD.62.091101",
     }

@article{Bennett:2002jb,
      author         = "Bennett, G. W. and others",
      title          = "{Measurement of the positive muon anomalous magnetic
                        moment to 0.7 ppm}",
      collaboration  = "Muon g-2",
      journal        = "Phys. Rev. Lett.",
      volume         = "89",
      year           = "2002",
      pages          = "101804",
      doi            = "10.1103/PhysRevLett.89.129903,
                        10.1103/PhysRevLett.89.101804",
      note           = "[Erratum: Phys. Rev. Lett.89,129903(2002)]",
      eprint         = "hep-ex/0208001",
      archivePrefix  = "arXiv",
      primaryClass   = "hep-ex",
      SLACcitation   = "%%CITATION = HEP-EX/0208001;%%"
}





%
%  CERN 1,2 and 3 Papers
%


@Article{Bailey:1977mm,
     author    = "Bailey, J. and others",
 collaboration = "CERN Muon Storage Ring",
     title     = "{The Anomalous Magnetic Moment of Positive and Negative
                  Muons}",
     journal   = "Phys. Lett.",
     volume    = "B67",
     year      = "1977",
     pages     = "225",
     doi       = "10.1016/0370-2693(77)90110-1",
     SLACcitation  = "%%CITATION = PHLTA,B67,225;%%"
}
@Article{Bailey:1977sw,
     author    = "Bailey, J. and others",
 collaboration = "CERN Muon Storage Ring",
     title     = "{New Limits on the Electric Dipole Moment of Positive and
                  Negative Muons}",
     journal   = "J. Phys.",
     volume    = "G4",
     year      = "1978",
     pages     = "345",
     doi       = "10.1088/0305-4616/4/3/010",
     SLACcitation  = "%%CITATION = JPHGB,G4,345;%%"
}


@Article{Bailey:1978mn,
     author    = "Bailey, J. and others",
 collaboration = "CERN-Mainz-Daresbury",
     title     = "{Final Report on the CERN Muon Storage Ring Including the
                  Anomalous Magnetic Moment and the Electric Dipole Moment of
                  the Muon, and a Direct Test of Relativistic Time
                  Dilation}",
     journal   = "Nucl. Phys.",
     volume    = "B150",
     year      = "1979",
     pages     = "1",
     doi       = "10.1016/0550-3213(79)90292-X",
     SLACcitation  = "%%CITATION = NUPHA,B150,1;%%"
}

@article{Bailey:1975qi,
      author         = "Bailey, J. and et al.",
      title          = "{New Measurement of (G-2) of the Muon}",
      collaboration  = "CERN Muon Storage Ring",
      journal        = "Phys. Lett.",
      volume         = "55B",
      year           = "1975",
      pages          = "420-424",
      doi            = "10.1016/0370-2693(75)90374-3",
      reportNumber   = "Print-75-0249 (CERN)",
      SLACcitation   = "%%CITATION = PHLTA,55B,420;%%"
}

@Article{Bailey:1977de,
     author    = "Bailey, J. and others",
     title     = "{Measurements of Relativistic Time Dilatation for Positive
                  and Negative Muons in a Circular Orbit}",
     journal   = "Nature",
     volume    = "268",
     year      = "1977",
     pages     = "301-305",
     doi       = "10.1038/268301a0",
     SLACcitation  = "%%CITATION = NATUA,268,301;%%"
}

@Article{Bailey:1969pr,
     author    = "Bailey, J. and others",
     title     = "{Precision measurement of the anomalous magnetic moment of
                  the muon}",
     journal   = "Phys. Lett.",
     volume    = "B28",
     year      = "1968",
     pages     = "287-290",
     doi       = "10.1016/0370-2693(68)90261-X",
     SLACcitation  = "%%CITATION = PHLTA,B28,287;%%"
}

@article{Roberts:2010zz,
      author         = "Roberts, B. Lee and Marciano, William J.",
      title          = "{Lepton dipole moments}",
      year           = "2009",
      doi            = "10.1142/7273",
      note           = "[Adv. Ser. Direct. High Energy Phys.20,pp.1(2009)]",
      SLACcitation   = "%%CITATION = INSPIRE-913954;%%"
}

@article{Czarnecki:1900zz,
      author         = "Czarnecki, Andrzej and Marciano, William J.",
      title          = "{Electromagnetic dipole moments and new physics}",
      journal        = "Adv. Ser. Direct. High Energy Phys.",
      volume         = "20",
      year           = "2009",
      pages          = "11-67",
      doi            = "10.1142/9789814271844\_0002",
      SLACcitation   = "%%CITATION = 00319,20,11;%%"
}



%
%  Review articles E821
%

@Article{Miller:2007kk,
     author    = "Miller, James P. and de Rafael, Eduardo and Roberts, B. Lee
                  ",
     title     = "{Muon g-2: Review of Theory and Experiment}",
     journal   = "Rept. Prog. Phys.",
     volume    = "70",
     year      = "2007",
     pages     = "795",
     eprint    = "hep-ph/0703049",
     archivePrefix = "arXiv",
     doi       = "10.1088/0034-4885/70/5/R03",
     SLACcitation  = "%%CITATION = HEP-PH/0703049;%%"
}

 	
@article{0370-1298-70-7-412,
  author={J M Cassels and T W O'Keeffe and M Rigby and A M Wetherell and J R Wormald},
  title={Experiments with a Polarized Muon Beam},
  journal={Proceedings of the Physical Society. Section A},
  volume={70},
  number={7},
  pages={543},
  url={http://stacks.iop.org/0370-1298/70/i=7/a=412},
  year={1957},
  abstract={}
}

@article{PhysRev.73.257,
  title = {Search for Gamma-Radiation in the 2.2-Microsecond Meson Decay Process},
  author = {Hincks, E. P. and Pontecorvo, B.},
  journal = {Phys. Rev.},
  volume = {73},
  issue = {3},
  pages = {257--258},
  numpages = {0},
  year = {1948},
  month = {Feb},
  publisher = {American Physical Society},
  doi = {10.1103/PhysRev.73.257},
  url = {https://link.aps.org/doi/10.1103/PhysRev.73.257}
}

@article{PhysRev.84.1243,
  title = {The Lifetime of the ${\ensuremath{\mu}}^{+}$-Meson},
  author = {Bell, W. E. and Hincks, E. P.},
  journal = {Phys. Rev.},
  volume = {84},
  issue = {6},
  pages = {1243--1243},
  numpages = {0},
  year = {1951},
  month = {Dec},
  publisher = {American Physical Society},
  doi = {10.1103/PhysRev.84.1243},
  url = {https://link.aps.org/doi/10.1103/PhysRev.84.1243}
}


@Article{Fitch:1953aa,
     author    = "Fitch, Val L. and Rainwater, James ",
     title     = "{Studies of X-Rays from Mu-Mesonic Atoms}",
     journal   = "Phys. Rev.",
     volume    = "92",
     year      = "1953",
     pages     = "789-800",
     doi       = "10.1103/PhysRev.92.789",
     SLACcitation  = "%%CITATION = PHRVA,60,198;%%"
}

@Article{Garwin:1960zz,
     author    = "Garwin, R. L. and Hutchinson, D. P. and Penman, S. and
                  Shapiro, G.",
     title     = "{Accurate Determination of the mu+ Magnetic Moment}",
     journal   = "Phys. Rev.",
     volume    = "118",
     year      = "1960",
     pages     = "271-283",
     doi       = "10.1103/PhysRev.118.271",
     SLACcitation  = "%%CITATION = PHRVA,118,271;%%"
}
@Article{Charpak:1962zz,
     author    = "Charpak, G. and Farley, F. J. M. and Garwin, R. L.",
     title     = "{A New Measurement of the Anomalous Magnetic Moment of the
                  Muon}",
     journal   = "Phys. Lett.",
     volume    = "1",
     year      = "1962",
     pages     = "16",
     SLACcitation  = "%%CITATION = PHLTA,1,16;%%"
}

@article{Flegel:1973zq,
      author         = "Flegel, W. and Krienen, F.",
      title          = "{Pulsed electrostatic quadrupole focusing for the cern
                        muon storage ring}",
      journal        = "Nucl. Instrum. Meth.",
      volume         = "113",
      year           = "1973",
      pages          = "549-560",
      doi            = "10.1016/0029-554X(73)90749-0",
      SLACcitation   = "%%CITATION = NUIMA,113,549;%%"
}

@misc{Farley-pc:1986,
  author = "Farley, F.J.M.",
  date = "1986",
  howpublished = "Boston University Colloquium circa 1986"
}

@Article{Charpak:1961mz,
     author    = "Charpak, Georges and others",
     title     = "{Measurement of the anomalous magnetic moment of the
                  muon}",
     journal   = "Phys. Rev. Lett.",
     volume    = "6",
     year      = "1961",
     pages     = "128-132",
     doi       = "10.1103/PhysRevLett.6.128",
     SLACcitation  = "%%CITATION = PRLTA,6,128;%%"
}
@Article{Coffin:1958zz,
     author    = "Coffin, T. and Garwin, R. L. and Penman, S. and Lederman,
                  L. M. and Sachs, A. M.",
     title     = "{Magnetic Moment of the Free Muon}",
     journal   = "Phys. Rev.",
     volume    = "109",
     year      = "1958",
     pages     = "973-979",
     doi       = "10.1103/PhysRev.109.973",
     SLACcitation  = "%%CITATION = PHRVA,109,973;%%"
}

@Article{Garwin:1957hc,
     author    = "Garwin, R. L. and Lederman, L. M. and Weinrich, Marcel",
     title     = "{Observations of the Failure of Conservation of Parity and
                  Charge Conjugation in Meson Decays: The Magnetic Moment of
                  the Free Muon}",
     journal   = "Phys. Rev.",
     volume    = "105",
     year      = "1957",
     pages     = "1415-1417",
     doi       = "10.1103/PhysRev.105.1415",
     SLACcitation  = "%%CITATION = PHRVA,105,1415;%%"
}



@Article{Suzuki:1987jf,
     author    = "Suzuki, T. and Measday, David F. and Roalsvig, J. P.",
     title     = "{Total Nuclear Capture Rates for Negative Muons}",
     journal   = "Phys. Rev.",
     volume    = "C35",
     year      = "1987",
     pages     = "2212",
     doi       = "10.1103/PhysRevC.35.2212",
     SLACcitation  = "%%CITATION = PHRVA,C35,2212;%%"
}
@Article{Primakoff:1959fs,
     author    = "Primakoff, H.",
     title     = "{Theory of muon capture}",
     journal   = "Rev. Mod. Phys.",
     volume    = "31",
     year      = "1959",
     pages     = "802-822",
     doi       = "10.1103/RevModPhys.31.802",
     SLACcitation  = "%%CITATION = RMPHA,31,802;%%"
}
@Article{Conversi:1947ig,
     author    = "Conversi, M. and Pancini, E. and Piccioni, O.",
     title     = "{ON THE DISINTEGRATION OF NEGATIVE MESONS}",
     journal   = "Phys. Rev.",
     volume    = "71",
     year      = "1947",
     pages     = "209-210",
     doi       = "10.1103/PhysRev.71.209",
     SLACcitation  = "%%CITATION = PHRVA,71,209;%%"
}

@Article{Lattes:1947my,
     author    = "Lattes, C. M. G. and Occhialini, G. P. S. and Powell, C. F.
                  ",
     title     = "{OBSERVATIONS ON THE TRACKS OF SLOW MESONS IN PHOTOGRAPHIC
                  EMULSIONS. 2}",
     journal   = "Nature",
     volume    = "160",
     year      = "1947",
     pages     = "486-492",
     SLACcitation  = "%%CITATION = NATUA,160,486;%%"
}

@Article{Lattes:1947mx,
     author    = "Lattes, C. M. G. and Occhialini, G. P. S. and Powell, C. F.
                  ",
     title     = "{OBSERVATIONS ON THE TRACKS OF SLOW MESONS IN PHOTOGRAPHIC
                  EMULSIONS. 1}",
     journal   = "Nature",
     volume    = "160",
     year      = "1947",
     pages     = "453-456",
     SLACcitation  = "%%CITATION = NATUA,160,453;%%"
}

@Article{Lattes:1947mw,
     author    = "Lattes, C. M. G. and Muirhead, H. and Occhialini, G. P. S.
                  and Powell, C. F.",
     title     = "{PROCESSES INVOLVING CHARGED MESONS}",
     journal   = "Nature",
     volume    = "159",
     year      = "1947",
     pages     = "694-697",
     SLACcitation  = "%%CITATION = NATUA,159,694;%%"
}

@Article{Nordheim:1941,
     author    = "Nordheim, L.W.",
     title     = "{On the Nature ot the Meson Decay}",
     journal   = "Phys. Rev.",
     volume    = "59",
     year      = "1941",
     pages     = "554-555",
}
@Article{Steinberger:1948,
     author    = "Steinberger, J",
     title     = "On the Range of the Electrons in Meson Decay",
     journal   = "Phys Rev.",
     volume    = "74",
     year      = "1948",
     pages     = "500",
}
@Article{Lee:1956qn,
     author    = "Lee, T. D. and Yang, Chen-Ning",
     title     = "{Question of Parity Conservation in Weak Interactions}",
     journal   = "Phys. Rev.",
     volume    = "104",
     year      = "1956",
     pages     = "254-258",
     doi       = "10.1103/PhysRev.104.254",
     SLACcitation  = "%%CITATION = PHRVA,104,254;%%"
}
@Article{Wu:1957my,
     author    = "Wu, C. S. and Ambler, E. and Hayward, R. W. and Hoppes, D.
                  D. and Hudson, R. P.",
     title     = "{EXPERIMENTAL TEST OF PARITY CONSERVATION IN BETA DECAY}",
     journal   = "Phys. Rev.",
     volume    = "105",
     year      = "1957",
     pages     = "1413-1414",
     doi       = "10.1103/PhysRev.105.1413",
     SLACcitation  = "%%CITATION = PHRVA,105,1413;%%"
}

@Article{Friedman:1957mz,
     author    = "Friedman, J. I. and Telegdi, V. L.",
     title     = "{NUCLEAR EMULSION EVIDENCE FOR PARITY NONCONSERVATION IN
                  THE DECAY CHAIN PI+ MU+ E+}",
     journal   = "Phys. Rev.",
     volume    = "105",
     year      = "1957",
     pages     = "1681-1682",
     doi       = "10.1103/PhysRev.105.1681",
     SLACcitation  = "%%CITATION = PHRVA,105,1681;%%"
}

@Article{Purcell:1950zz,
     author    = "Purcell, E. M. and Ramsey, N. F.",
     title     = "{On the Possibility of Electric Dipole Moments for
                  Elementary Particles and Nuclei}",
     journal   = "Phys. Rev.",
     volume    = "78",
     year      = "1950",
     pages     = "807-807",
     doi       = "10.1103/PhysRev.78.807",
     SLACcitation  = "%%CITATION = PHRVA,78,807;%%"
}

@Article{Smith:1957ht,
     author    = "Smith, J. H. and Purcell, E. M. and Ramsey, N. F.",
     title     = "{Experimental limit to the electric dipole moment of the
                  neutron}",
     journal   = "Phys. Rev.",
     volume    = "108",
     year      = "1957",
     pages     = "120-122",
     doi       = "10.1103/PhysRev.108.120",
     SLACcitation  = "%%CITATION = PHRVA,108,120;%%"
}

@Article{Baker:2006ts,
     author    = "Baker, C. A. and others",
     title     = "{An improved experimental limit on the electric dipole
                  moment of the  neutron}",
     journal   = "Phys. Rev. Lett.",
     volume    = "97",
     year      = "2006",
     pages     = "131801",
     eprint    = "hep-ex/0602020",
     archivePrefix = "arXiv",
     doi       = "10.1103/PhysRevLett.97.131801",
     SLACcitation  = "%%CITATION = HEP-EX/0602020;%%"
}
@Article{Baker:2007df,
     author    = "Baker, C. A. and others",
     title     = "{Reply to Comment on ``An Improved Experimental Limit on
                  the Electric   Dipole Moment of the Neutron''}",
     journal   = "Phys. Rev. Lett.",
     volume    = "98",
     year      = "2007",
     pages     = "149102",
     eprint    = "0704.1354",
     archivePrefix = "arXiv",
     primaryClass  =  "hep-ex",
     doi       = "10.1103/PhysRevLett.98.149102",
     SLACcitation  = "%%CITATION = 0704.1354;%%"
}
@Article{Nafe:1947zz,
     author    = "Nafe, J. E. and Nelson, E. B. and Rabi, I. I.",
     title     = "{The Hyperfine Structure of Atomic Hydrogen and
                  Deuterium}",
     journal   = "Phys. Rev.",
     volume    = "71",
     year      = "1947",
     pages     = "914-915",
     doi       = "10.1103/PhysRev.71.914",
     SLACcitation  = "%%CITATION = PHRVA,71,914;%%"
}
@Article{Nagel:1947aa,
     author    = "Nagel, Darragh E. and Julian, Renne S. and Zacharias, Jerrold R.",
     title     = "{The Hyperfine Structure of Atomic Hydrogen and
                  Deuterium}",
     journal   = "Phys. Rev.",
     volume    = "72",
     year      = "1947",
     pages     = "971",
     doi       = "10.1103/PhysRev.72.971",
     SLACcitation  = "%%CITATION = PHRVA,72,971;%%"
}

% Historical QED, etc




@Article{Compton:1921sp,
     author    = "Compton, A.H. ",
     title     = "{ }",
     journal   = "Jour. Franklin Inst.",
     volume    = "192",
     year      = "1921",
     pages     = "145",
}




@article{Thomas:1926dy,
      author         = "Thomas, L. H.",
      title          = "{The motion of a spinning electron}",
      journal        = "Nature",
      volume         = "117",
      year           = "1926",
      pages          = "514",
      doi            = "10.1038/117514a0",
      SLACcitation   = "%%CITATION = NATUA,117,514;%%"
}

@article{Thomas:1927yu,
      author         = "Thomas, L. H.",
      title          = "{The Kinematics of an electron with an axis}",
      journal        = "Phil. Mag. Ser.7",
      volume         = "3",
      year           = "1927",
      pages          = "1-21",
      doi            = "10.1080/14786440108564170",
      SLACcitation   = "%%CITATION = INSPIRE-43025;%%"
}


@article{Thomas:1926sg,
      author         = "Thomas, L. H.",
      title          = "{Letter to S. Goudsmit}",
      journal        = "AIP Archives https://lorentz.leidenuniv.nl/history/spin/goudsmit.html ",
      volume         = " ",
      year           = "1926",
}



@Article{Uhlenbeck:1925nw,
     author    = "Uhlenbeck, G. E. and Goudsmit, S",
     title     = "{ }",
     journal   = "Naturwissenschaften",
     volume    = "13",
     year      = "1925",
     pages     = "953",
}

@Article{Uhlenbeck:1926na,
     author    = "Uhlenbeck, G. E. and Goudsmit, S",
     title     = "{Spinhing Electrons and e Stn1cture of Spectra.}",
     journal   = "Nature",
     volume    = "117",
     year      = "1926",
     pages     = "264",
}

@Article{Dirac:1928ej,
     author    = "Dirac, P. A. M.",
     title     = "{The Quantum theory of electron. 2}",
     journal   = "Proc. Roy. Soc. Lond.",
     volume    = "A118",
     year      = "1928",
     pages     = "351",
     SLACcitation  = "%%CITATION = PRSLA,A118,351;%%"
}

@Article{Dirac:1928hu,
     author    = "Dirac, Paul A. M.",
     title     = "{The Quantum theory of electron}",
     journal   = "Proc. Roy. Soc. Lond.",
     volume    = "A117",
     year      = "1928",
     pages     = "610-624",
     SLACcitation  = "%%CITATION = PRSLA,A117,610;%%"
}
@Article{Schwinger:1948iu,
     author    = "Schwinger, Julian S.",
     title     = "{On Quantum electrodynamics and the magnetic moment of the
                  electron}",
     journal   = "Phys. Rev.",
     volume    = "73",
     year      = "1948",
     pages     = "416-417",
     doi       = "10.1103/PhysRev.73.416",
     SLACcitation  = "%%CITATION = PHRVA,73,416;%%"
}
@Article{Schwinger:1949ra,
     author    = "Schwinger, Julian S.",
     title     = "{Quantum electrodynamics. III: The electromagnetic
                  properties of the electron: Radiative corrections to
                  scattering}",
     journal   = "Phys. Rev.",
     volume    = "76",
     year      = "1949",
     pages     = "790-817",
     doi       = "10.1103/PhysRev.76.790",
     SLACcitation  = "%%CITATION = PHRVA,76,790;%%"
}
@Article{Kusch:1948aa,
     author    = "Kusch, P. and Foley, H. M.",
     title     = "{The Matnetic Moment of the Electron}",
     journal   = "Phys. Rev.",
     volume    = "74",
     year      = "1948",
     pages     = "250-263",
     doi       = "10.1103/PhysRev.74.250",
     SLACcitation  = "%%CITATION = PHRVA,74,250;%%"
}


% Historical:  C P and T

@Article{Landau:1957tp,
     author    = "Landau, L. D.",
     title     = "{On the conservation laws for weak interactions}",
     journal   = "Nucl. Phys.",
     volume    = "3",
     year      = "1957",
     pages     = "127-131",
     doi       = "10.1016/0029-5582(57)90061-5",
     SLACcitation  = "%%CITATION = NUPHA,3,127;%%"
}
@Article{Ramsey:1958zz,
     author    = "Ramsey, Norman F.",
     title     = "{Time Reversal, Charge Conjugation, Mgnetic Pole Conjugation 
                   and Parity}",
     journal   = "Phys. Rev.",
     volume    = "109",
     year      = "1958",
     pages     = "255-256",
     doi       = "10.1103/PhysRev.109.255",
     SLACcitation  = "%%CITATION = PHRVA,109,255;%%"
}


@Article{Hertzog:2007hz,
     author    = "Hertzog, David W. and Miller, James P. and de Rafael,
                  Eduardo and Lee Roberts, B. and Stoeckinger, Dominik",
     title     = "{The Physics Case for the New Muon (g-2) Experiment}",
     year      = "2007",
     eprint    = "0705.4617",
     archivePrefix = "arXiv",
     primaryClass  =  "hep-ph",
     SLACcitation  = "%%CITATION = 0705.4617;%%"
}
@Article{Stockinger:2006zn,
     author    = "Stoeckinger, Dominik",
     title     = "{The muon magnetic moment and supersymmetry}",
     journal   = "J. Phys.",
     volume    = "G34",
     year      = "2007",
     pages     = "R45-R92",
     eprint    = "hep-ph/0609168",
     archivePrefix = "arXiv",
     doi       = "10.1088/0954-3899/34/2/R01",
     SLACcitation  = "%%CITATION = HEP-PH/0609168;%%"
}

@article{Crivellin:2010er,
      author         = "Crivellin, Andreas",
      title          = "{Effective Higgs Vertices in the generic MSSM}",
      journal        = "Phys. Rev.",
      volume         = "D83",
      year           = "2011",
      pages          = "056001",
      doi            = "10.1103/PhysRevD.83.056001",
      eprint         = "1012.4840",
      archivePrefix  = "arXiv",
      primaryClass   = "hep-ph",
      SLACcitation   = "%%CITATION = ARXIV:1012.4840;%%"
}

@article{Crivellin:2010ty,
      author         = "Crivellin, Andreas and Girrbach, Jennifer and Nierste,
                        Ulrich",
      title          = "{Yukawa coupling and anomalous magnetic moment of the
                        muon: an update for the LHC era}",
      journal        = "Phys. Rev.",
      volume         = "D83",
      year           = "2011",
      pages          = "055009",
      doi            = "10.1103/PhysRevD.83.055009",
      eprint         = "1010.4485",
      archivePrefix  = "arXiv",
      primaryClass   = "hep-ph",
      reportNumber   = "TTP10-43",
      SLACcitation   = "%%CITATION = ARXIV:1010.4485;%%"
}

@article{Dobrescu:2010mk,
      author         = "Dobrescu, Bogdan A. and Fox, Patrick J.",
      title          = "{Uplifted supersymmetric Higgs region}",
      journal        = "Eur. Phys. J.",
      volume         = "C70",
      year           = "2010",
      pages          = "263-270",
      doi            = "10.1140/epjc/s10052-010-1399-y",
      eprint         = "1001.3147",
      archivePrefix  = "arXiv",
      primaryClass   = "hep-ph",
      reportNumber   = "FERMILAB-PUB-10-009-T",
      SLACcitation   = "%%CITATION = ARXIV:1001.3147;%%"
}

@article{Davoudiasl:2000my,
      author         = "Davoudiasl, H. and Hewett, J. L. and Rizzo, T. G.",
      title          = "{The (g-2) of the muon in localized gravity models}",
      journal        = "Phys. Lett.",
      volume         = "B493",
      year           = "2000",
      pages          = "135-141",
      doi            = "10.1016/S0370-2693(00)01132-1",
      eprint         = "hep-ph/0006097",
      archivePrefix  = "arXiv",
      primaryClass   = "hep-ph",
      reportNumber   = "SLAC-PUB-8469",
      SLACcitation   = "%%CITATION = HEP-PH/0006097;%%"
}

@article{Graesser:1999yg,
      author         = "Graesser, M. L.",
      title          = "{Extra dimensions and the muon anomalous magnetic
                        moment}",
      journal        = "Phys. Rev.",
      volume         = "D61",
      year           = "2000",
      pages          = "074019",
      doi            = "10.1103/PhysRevD.61.074019",
      eprint         = "hep-ph/9902310",
      archivePrefix  = "arXiv",
      primaryClass   = "hep-ph",
      reportNumber   = "LBNL-42812, UCB-PTH-99-03, LBL-42812",
      SLACcitation   = "%%CITATION = HEP-PH/9902310;%%"
}

@article{Park:2001xp,
      author         = "Park, Seong Chan and Song, H. S.",
      title          = "{Brane fluctuation and anomalous muon magnetic moment}",
      journal        = "Phys. Lett.",
      volume         = "B523",
      year           = "2001",
      pages          = "161-164",
      doi            = "10.1016/S0370-2693(01)01325-9",
      eprint         = "hep-ph/0109121",
      archivePrefix  = "arXiv",
      primaryClass   = "hep-ph",
      reportNumber   = "SNUTP-01-029",
      SLACcitation   = "%%CITATION = HEP-PH/0109121;%%"
}
@article{Kim:2001rc,
      author         = "Kim, C. S. and Kim, J. D. and Song, Jeong-Hyeon",
      title          = "{Muon anomalous magnetic moment (g-2)(muon) and the
                        Randall-Sundrum model}",
      journal        = "Phys. Lett.",
      volume         = "B511",
      year           = "2001",
      pages          = "251-256",
      doi            = "10.1016/S0370-2693(01)00635-9",
      eprint         = "hep-ph/0103127",
      archivePrefix  = "arXiv",
      primaryClass   = "hep-ph",
      reportNumber   = "YUMS-01-01, KIAS-P01014",
      SLACcitation   = "%%CITATION = HEP-PH/0103127;%%"
}

@article{Freitas:2014pua,
      author         = "Freitas, Ayres and Lykken, Joseph and Kell, Stefan and
                        Westhoff, Susanne",
      title          = "{Testing the Muon g-2 Anomaly at the LHC}",
      journal        = "JHEP",
      volume         = "05",
      year           = "2014",
      pages          = "145",
      doi            = "10.1007/JHEP09(2014)155, 10.1007/JHEP05(2014)145",
      note           = "[Erratum: JHEP09,155(2014)]",
      eprint         = "1402.7065",
      archivePrefix  = "arXiv",
      primaryClass   = "hep-ph",
      reportNumber   = "FERMILAB-PUB-14-038-T",
      SLACcitation   = "%%CITATION = ARXIV:1402.7065;%%"
}

@article{Fayet:1990wx,
      author         = "Fayet, Pierre",
      title          = "{Extra U(1)'s and New Forces}",
      journal        = "Nucl. Phys.",
      volume         = "B347",
      year           = "1990",
      pages          = "743-768",
      doi            = "10.1016/0550-3213(90)90381-M",
      reportNumber   = "LPTENS-90/7",
      SLACcitation   = "%%CITATION = NUPHA,B347,743;%%"
}

@article{CahillRowley:2012cb,
      author         = "Cahill-Rowley, Matthew W. and Hewett, JoAnne L. and
                        Hoeche, Stefan and Ismail, Ahmed and Rizzo, Thomas G.",
      title          = "{The New Look pMSSM with Neutralino and Gravitino LSPs}",
      journal        = "Eur. Phys. J.",
      volume         = "C72",
      year           = "2012",
      pages          = "2156",
      doi            = "10.1140/epjc/s10052-012-2156-1",
      eprint         = "1206.4321",
      archivePrefix  = "arXiv",
      primaryClass   = "hep-ph",
      reportNumber   = "SLAC-PUB-14922",
      SLACcitation   = "%%CITATION = ARXIV:1206.4321;%%"
}

@article{CahillRowley:2012kx,
      author         = "Cahill-Rowley, Matthew W. and Hewett, JoAnne L. and
                        Ismail, Ahmed and Rizzo, Thomas G.",
      title          = "{More energy, more searches, but the phenomenological
                        MSSM lives on}",
      journal        = "Phys. Rev.",
      volume         = "D88",
      year           = "2013",
      number         = "3",
      pages          = "035002",
      doi            = "10.1103/PhysRevD.88.035002",
      eprint         = "1211.1981",
      archivePrefix  = "arXiv",
      primaryClass   = "hep-ph",
      reportNumber   = "SLAC-PUB-15273",
      SLACcitation   = "%%CITATION = ARXIV:1211.1981;%%"
}


% EDMs

@article{Farley:2003wt,
      author         = "Farley, F. J. M. and Jungmann, K. and Miller, J. P. and
                        Morse, W. M. and Orlov, Y. F. and Roberts, B. L. and
                        Semertzidis, Y. K. and Silenko, A. and Stephenson, E. J.",
      title          = "{A New method of measuring electric dipole moments in
                        storage rings}",
      journal        = "Phys. Rev. Lett.",
      volume         = "93",
      year           = "2004",
      pages          = "052001",
      doi            = "10.1103/PhysRevLett.93.052001",
      eprint         = "hep-ex/0307006",
      archivePrefix  = "arXiv",
      primaryClass   = "hep-ex",
      SLACcitation   = "%%CITATION = HEP-EX/0307006;%%"
}


@Article{Baker:2007df,
     author    = "Baker, C. A. and others",
     title     = "{Reply to Comment on ``An Improved Experimental Limit on
                  the Electric   Dipole Moment of the Neutron''}",
     journal   = "Phys. Rev. Lett.",
     volume    = "98",
     year      = "2007",
     pages     = "149102",
     eprint    = "0704.1354",
     archivePrefix = "arXiv",
     primaryClass  =  "hep-ex",
     doi       = "10.1103/PhysRevLett.98.149102",
     SLACcitation  = "%%CITATION = 0704.1354;%%"
}

@Article{Baker:2006ts,
     author    = "Baker, C. A. and others",
     title     = "{An improved experimental limit on the electric dipole
                  moment of the  neutron}",
     journal   = "Phys. Rev. Lett.",
     volume    = "97",
     year      = "2006",
     pages     = "131801",
     eprint    = "hep-ex/0602020",
     archivePrefix = "arXiv",
     doi       = "10.1103/PhysRevLett.97.131801",
     SLACcitation  = "%%CITATION = HEP-EX/0602020;%%"
}
@Article{Pospelov:2005pr,
     author    = "Pospelov, Maxim and Ritz, Adam",
     title     = "{Electric dipole moments as probes of new physics}",
     journal   = "Annals Phys.",
     volume    = "318",
     year      = "2005",
     pages     = "119-169",
     eprint    = "hep-ph/0504231",
     archivePrefix = "arXiv",
     doi       = "10.1016/j.aop.2005.04.002",
     SLACcitation  = "%%CITATION = HEP-PH/0504231;%%"
}
@Article{Regan:2002ta,
     author    = "Regan, B. C. and Commins, E. D. and Schmidt, C. J. and
                  DeMille, D.",
     title     = "{New limit on the electron electric dipole moment}",
     journal   = "Phys. Rev. Lett.",
     volume    = "88",
     year      = "2002",
     pages     = "071805",
     doi       = "10.1103/PhysRevLett.88.071805",
     SLACcitation  = "%%CITATION = PRLTA,88,071805;%%"
}
@Article{Griffith:2009zz,
     author    = "Griffith, W. C. and others",
     title     = "{Improved Limit on the Permanent Electric Dipole Moment of
                  Hg-199}",
     journal   = "Phys. Rev. Lett.",
     volume    = "102",
     year      = "2009",
     pages     = "101601",
     doi       = "10.1103/PhysRevLett.102.101601",
     SLACcitation  = "%%CITATION = PRLTA,102,101601;%%"
}
@Article{Romalis:2000mg,
     author    = "Romalis, M. V. and Griffith, W. C. and Fortson, E. N.",
     title     = "{A new limit on the permanent electric dipole moment of Hg-
                  199}",
     journal   = "Phys. Rev. Lett.",
     volume    = "86",
     year      = "2001",
     pages     = "2505-2508",
     eprint    = "hep-ex/0012001",
     archivePrefix = "arXiv",
     doi       = "10.1103/PhysRevLett.86.2505",
     SLACcitation  = "%%CITATION = HEP-EX/0012001;%%"
}
@Article{Bennett:2008dy,
     author    = "Bennett, G. W. and others",
 collaboration = "Muon (g-2)",
     title     = "{An Improved Limit on the Muon Electric Dipole Moment}",
     journal   = "Phys. Rev.",
     volume    = "D80",
     year      = "2009",
     pages     = "052008",
     eprint    = "0811.1207",
     archivePrefix = "arXiv",
     primaryClass  =  "hep-ex",
     doi       = "10.1103/PhysRevD.80.052008",
     SLACcitation  = "%%CITATION = 0811.1207;%%"
}

@article{Baron:2013eja,
      author         = "Baron, Jacob and others",
      title          = "{Order of Magnitude Smaller Limit on the Electric Dipole
                        Moment of the Electron}",
      collaboration  = "ACME",
      journal        = "Science",
      volume         = "343",
      year           = "2014",
      pages          = "269-272",
      doi            = "10.1126/science.1248213",
      eprint         = "1310.7534",
      archivePrefix  = "arXiv",
      primaryClass   = "physics.atom-ph",
      SLACcitation   = "%%CITATION = ARXIV:1310.7534;%%"
}

@article{Andreev:2018ayy,
      author         = "Andreev, V. and others",
      title          = "{Improved limit on the electric dipole moment of the
                        electron}",
      collaboration  = "ACME",
      journal        = "Nature",
      volume         = "562",
      year           = "2018",
      number         = "7727",
      pages          = "355-360",
      doi            = "10.1038/s41586-018-0599-8",
      SLACcitation   = "%%CITATION = NATUA,562,355;%%"
}


@article{Babu:2000dq,
      author         = "Babu, K. S. and Dutta, Bhaskar and Mohapatra, R. N.",
      title          = "{Enhanced electric dipole moment of the muon in the
                        presence of large neutrino mixing}",
      journal        = "Phys. Rev. Lett.",
      volume         = "85",
      year           = "2000",
      pages          = "5064-5067",
      doi            = "10.1103/PhysRevLett.85.5064",
      eprint         = "hep-ph/0006329",
      archivePrefix  = "arXiv",
      primaryClass   = "hep-ph",
      reportNumber   = "FERMILAB-PUB-00-147-T, OSU-HEP-00-03, CTP-TAMU-20-00,
                        UMD-PP-00-084",
      SLACcitation   = "%%CITATION = HEP-PH/0006329;%%"
}


@Article{Hincks:1948vr,
     author    = "Hincks, E. P. and Pontecorvo, B.",
     title     = "{Search for gamma-radiation in the 2.2-microsecond meson
                  decay process}",
     journal   = "Phys. Rev.",
     volume    = "73",
     year      = "1948",
     pages     = "257-258",
     doi       = "10.1103/PhysRev.73.257",
     SLACcitation  = "%%CITATION = PHRVA,73,257;%%"
}

@Article{Hincks:1948vq,
     author    = "Hincks, E. P. and Pontecorvo, B.",
     title     = "{The absorption of charged particles from the 2.2-mu-sec
                  meson decay}",
     journal   = "Phys. Rev.",
     volume    = "74",
     year      = "1948",
     pages     = "697-698",
     doi       = "10.1103/PhysRev.74.697",
     SLACcitation  = "%%CITATION = PHRVA,74,697;%%"
}
@Article{Pontecorvo:1957cp,
     author    = "Pontecorvo, B.",
     title     = "{Mesonium and antimesonium}",
     journal   = "Sov. Phys. JETP",
     volume    = "6",
     year      = "1957",
     pages     = "429",
     SLACcitation  = "%%CITATION = SPHJA,6,429;%%"
}

}
@Article{Bellgardt:1987du,
     author    = "Bellgardt, U. and others",
 collaboration = "SINDRUM",
     title     = "{Search for the Decay mu+ $\to$ e+ e+ e-}",
     journal   = "Nucl. Phys.",
     volume    = "B299",
     year      = "1988",
     pages     = "1",
     doi       = "10.1016/0550-3213(88)90462-2",
     SLACcitation  = "%%CITATION = NUPHA,B299,1;%%"
}


@Article{Adam:2009ci,
     author    = "Adam, J. and others",
 collaboration = "MEG",
     title     = "{A limit for the mu -> e gamma decay from the MEG
                  experiment}",
     journal   = "Nucl. Phys.",
     volume    = "B834",
     year      = "2010",
     pages     = "1-12",
     eprint    = "0908.2594",
     archivePrefix = "arXiv",
     primaryClass  =  "hep-ex",
     doi       = "10.1016/j.nuclphysb.2010.03.030",
     SLACcitation  = "%%CITATION = 0908.2594;%%"
}

@Article{Weinberg:1959zz,
     author    = "Weinberg, S. and Feinberg, G.",
     title     = "{Electromagnetic Transitions Between mu Meson and
                  Electron}",
     journal   = "Phys. Rev. Lett.",
     volume    = "3",
     year      = "1959",
     pages     = "111-114",
     doi       = "10.1103/PhysRevLett.3.111",
     SLACcitation  = "%%CITATION = PRLTA,3,111;%%"
}
@Article{Feinberg:1961zz,
     author    = "Feinberg, G. and Weinberg, S.",
     title     = "{Law of Conservation of Muons}",
     journal   = "Phys. Rev. Lett.",
     volume    = "6",
     year      = "1961",
     pages     = "381-383",
     doi       = "10.1103/PhysRevLett.6.381",
     SLACcitation  = "%%CITATION = PRLTA,6,381;%%"
}
@Article{Feinberg:1961zza,
     author    = "Feinberg, G. and Weinberg, S.",
     title     = "{Conversion of Muonium into Antimuonium}",
     journal   = "Phys. Rev.",
     volume    = "123",
     year      = "1961",
     pages     = "1439-1443",
     doi       = "10.1103/PhysRev.123.1439",
     SLACcitation  = "%%CITATION = PHRVA,123,1439;%%"
}
@Article{Feinberg:1959ui,
     author    = "Feinberg, G. and Kabir, P. and Weinberg, Steven",
     title     = "{Transformation of muons into electrons}",
     journal   = "Phys. Rev. Lett.",
     volume    = "3",
     year      = "1959",
     pages     = "527-530",
     doi       = "10.1103/PhysRevLett.3.527",
     SLACcitation  = "%%CITATION = PRLTA,3,527;%%"
}
@Article{Feinberg:1958zzb,
     author    = "Feinberg, G.",
     title     = "{Decays of the mu Meson in the Intermediate-Meson Theory}",
     journal   = "Phys. Rev.",
     volume    = "110",
     year      = "1958",
     pages     = "1482-1483",
     doi       = "10.1103/PhysRev.110.1482",
     SLACcitation  = "%%CITATION = PHRVA,110,1482;%%"
}

@article{Okada:1900zz,
      author         = "Okada, Yasuhiro",
      title          = "{Models of lepton flavor violation}",
      journal        = "Adv. Ser. Direct. High Energy Phys.",
      volume         = "20",
      year           = "2009",
      pages          = "683-700",
      doi            = "10.1142/9789814271844\_0018",
      SLACcitation   = "%%CITATION = 00319,20,683;%%"
}

@article{Antusch:2006bw,
      author         = "Antusch, S. and Arganda, E. and Herrero, M. J. and
                        Teixeira, A. M.",
      title          = "{LFV in tau and muon decays within SUSY seesaw}",
      booktitle      = "{Tau lepton physics. Proceedings, 9th International
                        Workshop, TAU'06, Pisa, Italy, September 19-22, 2006}",
      journal        = "Nucl. Phys. Proc. Suppl.",
      volume         = "169",
      year           = "2007",
      pages          = "155-165",
      doi            = "10.1016/j.nuclphysbps.2007.02.102",
      note           = "[,155(2006)]",
      eprint         = "hep-ph/0610439",
      archivePrefix  = "arXiv",
      primaryClass   = "hep-ph",
      SLACcitation   = "%%CITATION = HEP-PH/0610439;%%"
}

@article{Albright:2008ke,
      author         = "Albright, Carl H. and Chen, Mu-Chun",
      title          = "{Lepton Flavor Violation in Predictive SUSY-GUT Models}",
      journal        = "Phys. Rev.",
      volume         = "D77",
      year           = "2008",
      pages          = "113010",
      doi            = "10.1103/PhysRevD.77.113010",
      eprint         = "0802.4228",
      archivePrefix  = "arXiv",
      primaryClass   = "hep-ph",
      reportNumber   = "FERMILAB-PUB-08-038-T, UCI-TR-2008-8",
      SLACcitation   = "%%CITATION = ARXIV:0802.4228;%%"
}

@article{Blanke:2007db,
      author         = "Blanke, Monika and Buras, Andrzej J. and Duling, Bjoern
                        and Poschenrieder, Anton and Tarantino, Cecilia",
      title          = "{Charged Lepton Flavour Violation and (g-2)(mu) in the
                        Littlest Higgs Model with T-Parity: A Clear Distinction
                        from Supersymmetry}",
      journal        = "JHEP",
      volume         = "05",
      year           = "2007",
      pages          = "013",
      doi            = "10.1088/1126-6708/2007/05/013",
      eprint         = "hep-ph/0702136",
      archivePrefix  = "arXiv",
      primaryClass   = "hep-ph",
      reportNumber   = "TUM-HEP-657-07, MPP-2007-17",
      SLACcitation   = "%%CITATION = HEP-PH/0702136;%%"
}


@Article{Kitano:2002mt,
     author    = "Kitano, Ryuichiro and Koike, Masafumi and Okada, Yasuhiro",
     title     = "{Detailed calculation of lepton flavor violating muon
                  electron  conversion rate for various nuclei}",
     journal   = "Phys. Rev.",
     volume    = "D66",
     year      = "2002",
     pages     = "096002",
     eprint    = "hep-ph/0203110",
     archivePrefix = "arXiv",
     doi       = "10.1103/PhysRevD.66.096002",
     SLACcitation  = "%%CITATION = HEP-PH/0203110;%%"
}
@Article{Kitano:2002mte,
     author    = "Kitano, Ryuichiro and Koike, Masafumi and Okada, Yasuhiro",
     title     = "{Erratum:Detailed calculation of lepton flavor violating muon
                  electron  conversion rate for various nuclei}",
     journal   = "Phys. Rev.",
     volume    = "D76",
     year      = "2007",
     pages     = "059902",
     eprint    = "hep-ph/0203110",
     archivePrefix = "arXiv",
     doi       = "10.1103/PhysRevD.76.059902",
     SLACcitation  = "%%CITATION = HEP-PH/0203110;%%"
}

@article{Arnold:2013cva,
      author         = "Arnold, Jonathan M. and Fornal, Bartosz and Wise, Mark
                        B.",
      title          = "{Phenomenology of scalar leptoquarks}",
      journal        = "Phys. Rev.",
      volume         = "D88",
      year           = "2013",
      pages          = "035009",
      doi            = "10.1103/PhysRevD.88.035009",
      eprint         = "1304.6119",
      archivePrefix  = "arXiv",
      primaryClass   = "hep-ph",
      reportNumber   = "CALT-68-2931",
      SLACcitation   = "%%CITATION = ARXIV:1304.6119;%%"
}

@article{Yaguna:2005qn,
      author         = "Yaguna, Carlos E.",
      title          = "{Constraining mSUGRA parameters with mu ---> e gamma and
                        mu-e conversion in nuclei}",
      journal        = "Int. J. Mod. Phys.",
      volume         = "A21",
      year           = "2006",
      pages          = "1283-1289",
      doi            = "10.1142/S0217751X06025377",
      eprint         = "hep-ph/0502014",
      archivePrefix  = "arXiv",
      primaryClass   = "hep-ph",
      reportNumber   = "UCLA-05-TEP-5",
      SLACcitation   = "%%CITATION = HEP-PH/0502014;%%"
}



@article{Calibbi:2006nq,
      author         = "Calibbi, L. and Faccia, A. and Masiero, A. and Vempati,
                        S. K.",
      title          = "{Lepton flavour violation from SUSY-GUTs: Where do we
                        stand for MEG, PRISM/PRIME and a super flavour factory}",
      journal        = "Phys. Rev.",
      volume         = "D74",
      year           = "2006",
      pages          = "116002",
      doi            = "10.1103/PhysRevD.74.116002",
      eprint         = "hep-ph/0605139",
      archivePrefix  = "arXiv",
      primaryClass   = "hep-ph",
      reportNumber   = "DFPD-06-TH-07, CPHT-RR022.0506",
      SLACcitation   = "%%CITATION = HEP-PH/0605139;%%"
}

@article{Dev:2013oxa,
      author         = "Lee, Chang-Hun and Bhupal Dev, P. S. and Mohapatra, R.
                        N.",
      title          = "{Natural TeV-scale left-right seesaw mechanism for
                        neutrinos and experimental tests}",
      journal        = "Phys. Rev.",
      volume         = "D88",
      year           = "2013",
      number         = "9",
      pages          = "093010",
      doi            = "10.1103/PhysRevD.88.093010",
      eprint         = "1309.0774",
      archivePrefix  = "arXiv",
      primaryClass   = "hep-ph",
      reportNumber   = "UMD-PP-013-011, MAN-HEP-2013-21",
      SLACcitation   = "%%CITATION = ARXIV:1309.0774;%%"
}

@article{Harnik:2012pb,
      author         = "Harnik, Roni and Kopp, Joachim and Zupan, Jure",
      title          = "{Flavor Violating Higgs Decays}",
      journal        = "JHEP",
      volume         = "03",
      year           = "2013",
      pages          = "026",
      doi            = "10.1007/JHEP03(2013)026",
      eprint         = "1209.1397",
      archivePrefix  = "arXiv",
      primaryClass   = "hep-ph",
      reportNumber   = "FERMILAB-PUB-12-498-T",
      SLACcitation   = "%%CITATION = ARXIV:1209.1397;%%"
}


@Article{Craddock:2008zz,
     author    = "Craddock, M. K. and Symon, K. R.",
     title     = "{Cyclotrons and fixed-field alternating-gradient
                  accelerators}",
     journal   = "Rev. Accel. Sci. Tech.",
     volume    = "1",
     year      = "2008",
     pages     = "65-97",
     doi       = "10.1142/S1793626808000058",
     SLACcitation  = "%%CITATION = RASTA,1,65;%%"
}
@Article{Jackiw:1972jz,
     author    = "Jackiw, R. and Weinberg, Steven",
     title     = "{Weak interaction corrections to the muon magnetic moment
                  and to muonic atom energy levels}",
     journal   = "Phys. Rev.",
     volume    = "D5",
     year      = "1972",
     pages     = "2396-2398",
     doi       = "10.1103/PhysRevD.5.2396",
     SLACcitation  = "%%CITATION = PHRVA,D5,2396;%%"
}
@Article{Bars:1972pe,
     author    = "Bars, I. and Yoshimura, M.",
     title     = "{Muon magnetic moment in a finite theory of weak and
                  electromagnetic interaction}",
     journal   = "Phys. Rev.",
     volume    = "D6",
     year      = "1972",
     pages     = "374-376",
     doi       = "10.1103/PhysRevD.6.374",
     SLACcitation  = "%%CITATION = PHRVA,D6,374;%%"
}
@Article{Fujikawa:1972fe,
     author    = "Fujikawa, K. and Lee, B. W. and Sanda, A. I.",
     title     = "{Generalized Renormalizable Gauge Formulation of
                  Spontaneously Broken Gauge Theories}",
     journal   = "Phys. Rev.",
     volume    = "D6",
     year      = "1972",
     pages     = "2923-2943",
     doi       = "10.1103/PhysRevD.6.2923",
     SLACcitation  = "%%CITATION = PHRVA,D6,2923;%%"
}
@Article{Bardeen:1972vi,
     author    = "Bardeen, William A. and Gastmans, R. and Lautrup, B. E.",
     title     = "{Static quantities in Weinberg's model of weak and
                  electromagnetic interactions}",
     journal   = "Nucl. Phys.",
     volume    = "B46",
     year      = "1972",
     pages     = "319-331",
     doi       = "10.1016/0550-3213(72)90218-0",
     SLACcitation  = "%%CITATION = NUPHA,B46,319;%%"
}



@article{Raidal:2008jk,
      author         = "Raidal, M. and others",
      title          = "{Flavour physics of leptons and dipole moments}",
      booktitle      = "{Flavor in the era of the LHC. Proceedings, CERN
                        Workshop, Geneva, Switzerland, November 2005-March 2007}",
      journal        = "Eur. Phys. J.",
      volume         = "C57",
      year           = "2008",
      pages          = "13-182",
      doi            = "10.1140/epjc/s10052-008-0715-2",
      eprint         = "0801.1826",
      archivePrefix  = "arXiv",
      primaryClass   = "hep-ph",
      SLACcitation   = "%%CITATION = ARXIV:0801.1826;%%"
}


% Dark Photons

@article{Denig:2016dgi,
      author         = "Denig, Achim",
      title          = "{Review of dark photon searches}",
      booktitle      = "{Proceedings, 14th International Workshop on Meson
                        Production, Properties and Interaction (MESON 2016):
                        Cracow, Poland, June 2-7, 2016}",
      journal        = "EPJ Web Conf.",
      volume         = "130",
      year           = "2016",
      pages          = "01005",
      doi            = "10.1051/epjconf/201613001005",
      SLACcitation   = "%%CITATION = 00776,130,01005;%%"
}

%NuFACT working group

@article{Bandyopadhyay:2007kx,
      author         = "Bandyopadhyay, A.",
      editor         = "Choubey, S. and Gandhi, R. and Goswami, S. and Roberts,
                        B. L. and Bouchez, J. and Antoniadis, I. and Ellis, J. and
                        Giudice, G. F. and Schwetz, T. and Umasankar, S. and
                        others ",
      title          = "{Physics at a future Neutrino Factory and super-beam
                        facility}",
      collaboration  = "ISS Physics Working Group",
      journal        = "Rept. Prog. Phys.",
      volume         = "72",
      year           = "2009",
      pages          = "106201",
      doi            = "10.1088/0034-4885/72/10/106201",
      eprint         = "0710.4947",
      archivePrefix  = "arXiv",
      primaryClass   = "hep-ph",
      reportNumber   = "FERMILAB-PUB-07-789-APC, RAL-TR-2007-019",
      SLACcitation   = "%%CITATION = ARXIV:0710.4947;%%"
}

@article{Bartoszek:2014mya,
      author         = "Bartoszek, L. and others",
      title          = "{Mu2e Technical Design Report}",
      collaboration  = "Mu2e",
      year           = "2014",
      eprint         = "1501.05241",
      archivePrefix  = "arXiv",
      primaryClass   = "physics.ins-det",
      reportNumber   = "FERMILAB-TM-2594, FERMILAB-DESIGN-2014-01",
      SLACcitation   = "%%CITATION = ARXIV:1501.05241;%%"
}

%  Muon capture

@article{Measday:2007zz,
      author         = "Measday, David F. and Stocki, Trevor J. and Moftah, Belal
                        A. and Tam, Heywood",
      title          = "{gamma rays from muon capture in Al-27 and natural Si}",
      journal        = "Phys. Rev.",
      volume         = "C76",
      year           = "2007",
      pages          = "035504",
      doi            = "10.1103/PhysRevC.76.035504",
      SLACcitation   = "%%CITATION = PHRVA,C76,035504;%%"
}

@inproceedings{Knoepfel:2013ouy,
      author         = "Knoepfel, K. and others",
      title          = "{Feasibility Study for a Next-Generation Mu2e
                        Experiment}",
      booktitle      = "{Proceedings, 2013 Community Summer Study on the Future
                        of U.S. Particle Physics: Snowmass on the Mississippi
                        (CSS2013): Minneapolis, MN, USA, July 29-August 6, 2013}",
      collaboration  = "mu2e",
      url            = "http://lss.fnal.gov/archive/2013/conf/fermilab-conf-13-254.pdf",
      year           = "2013",
      eprint         = "1307.1168",
      archivePrefix  = "arXiv",
      primaryClass   = "physics.ins-det",
      reportNumber   = "FERMILAB-CONF-13-254",
      SLACcitation   = "%%CITATION = ARXIV:1307.1168;%%"
}

@article{Abusalma:2018xem,
      author         = "Abusalma, F. and others",
      title          = "{Expression of Interest for Evolution of the Mu2e
                        Experiment}",
      collaboration  = "Mu2e",
      year           = "2018",
      eprint         = "1802.02599",
      archivePrefix  = "arXiv",
      primaryClass   = "physics.ins-det",
      reportNumber   = "FERMILAB-FN-1052",
      SLACcitation   = "%%CITATION = ARXIV:1802.02599;%%"
}

@article{CRYaa,
      author         = "C. Hagman and others",
      title          = "{CRY documentation}",
      journal        = "http://nuclear.llnl.gov/simulation/main.html",
}

E989 Nim, etc papers

@inproceedings{Schreckenberger:2018njd,
      author         = "Schreckenberger, A. P. and others",
      title          = "{New Fast Kicker Results from the Muon g-2 E-989
                        Experiment at Fermilab}",
      booktitle      = "{Proceedings, 9th International Particle Accelerator
                        Conference (IPAC 2018): Vancouver, BC Canada, April 29-May
                        4, 2018}",
      collaboration  = "Muon g-2",
      year           = "2018",
      url            = "http://lss.fnal.gov/archive/2018/conf/fermilab-conf-18-167-e.pdf",
      pages          = "THPML093",
      doi            = "10.18429/JACoW-IPAC2018-THPML093",
      reportNumber   = "FERMILAB-CONF-18-167-E",
      SLACcitation   = "%%CITATION = FERMILAB-CONF-18-167-E;%%"
}

@inproceedings{Schreckenberger:2018njd,
      author         = "Schreckenberger, A. P. and others",
      title          = "{New Fast Kicker Results from the Muon g-2 E-989
                        Experiment at Fermilab}",
      booktitle      = "{Proceedings, 9th International Particle Accelerator
                        Conference (IPAC 2018): Vancouver, BC Canada, April 29-May
                        4, 2018}",
      collaboration  = "Muon g-2",
      year           = "2018",
      url            = "http://lss.fnal.gov/archive/2018/conf/fermilab-conf-18-167-e.pdf",
      pages          = "THPML093",
      doi            = "10.18429/JACoW-IPAC2018-THPML093",
      reportNumber   = "FERMILAB-CONF-18-167-E",
      SLACcitation   = "%%CITATION = FERMILAB-CONF-18-167-E;%%"
}
