% references contained here will not print out to the page if they are not referenced in the document





% tracking references

@misc{geanemanual,
  author = {V. Innocente, M. Maire, E. Nagy},
  title = {\href{http://innocentonnice.web.cern.ch/innocentonnice/napoli99/geane_manual.ps}{GEANE: Average Tracking and Error Propagation Package}},
  year = {January 13, 1994.}
}

@article{trajfit,
    author    = "V. Innocente, E. Nagy",
    title     = "\href{http://www.sciencedirect.com/science/article/pii/016890029390992Q}{Trajectory fit in presence of dense materials}",
    journal   = "Nuclear Instruments and Methods In Physics Research",
    volume    = "A",
    number    = "324",
    pages     = "297-306",
    year      = "1993",
    month     = "August",
}

@article{jacob,
    author    = "A. Strandlie, W. Wittek",
    title     = "\href{http://www.sciencedirect.com/science/article/pii/S0168900206013143}{Derivation of Jacobians for the propagation of covariance matrices of track parameters in homogeneous magnetic fields}",
    journal   = "Nuclear Instruments and Methods In Physics Research",
    volume    = "A",
    number    = "566",
    pages     = "687-698",
    year      = "2006",
    month     = "July",
}

@phdthesis{Lavezzi,
  author    = "Lia Lavezzi",
  title   = "\href{http://bamboo.pv.infn.it/doc/L_Lavezzi.pdf}{The fit of nuclear tracks in high precision spectroscopy experiments}",
  school    = "University of Pavia",
  year    = "2007",
  month   = "November",
  note    = "pp. 57-86",
}

@article{energyloss,
    author    = "Kati Lassila-Perini, L\'aszl\'o Urb\'an",
    title     = "\href{http://www.sciencedirect.com/science/article/pii/0168900295003444}{Energy loss in thin layers in GEANT}",
    journal   = "Nuclear Instruments and Methods In Physics Research",
    volume    = "A",
    number    = "362",
    pages     = "416-422",
    year      = "1994",
    month     = "December",
}


